2018 3622
129 132 204 235 17²
334 134 367 232 J.
385 124 486 216 celsi
503 132 755 213 commentarii

116 277 244 353 amplius
262 275 455 338 differendum
474 291 559 346 ratur,
577 294 616 335 ne
635 288 684 335 aut
705 270 749 333 sui
805 271 960 338 riclitaren·

113 370 179 425 eur,
198 370 248 414 aut
261 355 320 432 ipse
340 353 521 416 canentiam
539 351 685 413 vilesceret
700 375 709 424 3
728 291 867 426 dilgeosrtis
880 373 959 414 more

115 431 208 491 'solito
220 451 270 506 per
281 432 397 493 hiberna
408 430 578 508 legionibus,
596 430 703 490 ultimo
717 429 835 490 transitu
847 449 883 489 ex
894 430 960 490 Gal·

121 506 169 567 liis
181 509 212 568 in
223 509 332 571 ltaliam
350 507 442 569 rediit.
461 526 522 586 quo
540 526 610 569 eum
623 506 741 568 venillet
761 507 873 567 invenit
889 506 959 568 duas

121 582 185 645 illas
203 587 331 663 legiones
349 585 402 646 sub
418 585 540 646 obtentu
554 583 623 646 belli
647 584 770 646 Parthici
784 582 832 644 sibi
843 601 959 660 ereptas,

121 681 160 722 ne
239 664 275 723 ad
296 663 403 723 bellum
418 662 565 739 profestos,
585 661 707 724 initalia
721 662 866 732 detenta„
891 663 958 739 quin

122 737 152 800 δι
185 741 301 817 ompejo
313 738 464 816 allignms.
484 739 563 818 quod
575 741 609 801 ad
620 738 787 800 evidentem
797 737 909 798 Caesaris
920 741 959 798 in·

119 817 223 893 iuriam
240 817 380 895 pertinere
394 837 454 878 non
466 817 560 878 solum
576 817 635 893 ipse
652 818 696 876 vir
717 818 800 889 talis,
828 815 876 875 sed
900 817 960 894 qui·

121 912 247 973 cumque
259 895 296 955 de
309 895 416 969 populo
435 894 633 971 perpendebat.
652 891 745 954 adhuc
755 911 852 953 tamen
862 895 959 953 tacitus

121 970 256 1045 proceffit.
296 970 549 1051 Conventibusque
569 973 684 1048 peradis
704 988 737 1030 ut
761 970 880 1041 solebat,
908 971 960 1030 Ra·
988 994 991 998 ⁴

119 1060 244 1106 vennam
258 1049 454 1109 venieulbeln
478 1050 532 1110 suae
547 1048 706 1124 provincie<
722 1048 757 1106 ab
771 1067 803 1106 ea
818 1065 897 1124 perte
910 1067 960 1107 no·

112 1120 258 1183 -villimam
272 1146 281 1181 a
300 1141 334 1185 ut
346 1144 402 1185 nee
414 1127 561 1186 'terminos
578 1124 644 1185 suos
655 1123 805 1186 excederet
817 1126 846 1183 δι
871 1125 961 1198 proxi·

119 1212 185 1258 mus
195 1198 263 1261 elles
272 1200 446 1274 adversariis,
466 1210 516 1262 ac¹
531 1203 647 1278 periclis
658 1200 769 1272 ulcisci,
788 1200 895 1276 siquid
909 1201 961 1262 sor·

117 1292 150 1336 te
161 1275 205 1338 sui
217 1277 288 1338 odio
299 1279 476 1347 in‘tribunos
487 1280 631 1341 inimicius
642 1275 836 1339 decreviffint.

113 1378 118 1397 ³
161 1353 197 1415 Et
219 1353 274 1416 lroc
291 1357 412 1433 quidem
429 1359 500 1417 belli
518 1358 610 1419 civilis
633 1357 763 1428 mitium,
782 1354 824 1414 ha·
845 1355 962 1417 firemnt

120 1430 222 1505 musae,
239 1435 363 1511 aliquem
377 1433 527 1496 &fortasse
535 1455 595 1506 non
605 1454 720 1513 parvam
732 1431 848 1508 iustitiae
861 1434 961 1495 faciem

116 1506 276 1583 babentes,-
288 1512 308 1571 li
321 1531 376 1590 qua
392 1511 513 1588 usquam
532 1510 585 1572 effe
597 1510 689 1588 potest
699 1509 770 1585 iusta
781 1510 864 1571 causa
880 1511 963 1588 parri-

114 1595 170 1646 'am
189 1589 386 1665 oppugnendi,
405 1589 537 1665 quamvis
559 1590 595 1648 ab
611 1589 673 1648 aliis
690 1588 788 1647 minue
807 1586 882 1646 'uliae
901 1588 964 1663 qui·

113 1660 350 1726 denaffmnmr
360 1662 436 1723 :led
446 1662 548 1725 odium
558 1662 744 1725 manifestum
761 1609 922 1724 redimonii
933 1662 965 1723 fi·

113 1736 282 1802 dernrlevm
320 1738 424 1801 Gneus
434 1740 590 1816 Pompeius
599 1757 688 1818 gener
700 1754 785 1817 atque
798 1736 888 1799 hostis
901 1738 965 1800 Cae·

96 1814 196 1891 laris,
213 1817 312 1893 eichat,
329 1821 397 1879 'eum
412 1817 481 1880 idco
492 1816 572 1895 quod
583 1837 645 1878 noar
655 1814 744 1893 pollet
764 1834 848 1892 opera
866 1814 965 1876 incoe-

120 1909 171 1989 pto
190 1895 331 1973 perficere,
349 1915 444 1974 neque
457 1895 493 1957 de
511 1894 541 1956 se
553 1914 593 1972 po
644 1894 651 1908 “
672 1893 901 1970 expeditionem
914 1895 964 1955 ad·

117 1974 250 2050 ¹implere,
267 1975 379 2036 mrbare
395 1974 492 2036 omnia
503 1973 584 2033 volui
624 2016 633 2044 ,
652 1990 691 2033 ne
707 1973 739 2032 in
755 1971 901 2032 turbando
913 1991 963 2032 ve·

122 2051 190 2112 ritas
200 2068 349 2143 appareret.
367 2052 448 2145 fraere
459 2052 511 2130 qui
522 2048 645 2111 timuille
658 2051 740 2110 illum
755 2048 896 2121 dicerem,
926 2069 963 2110 ne

118 2124 960 2290 mrrezl‘f'nlllzil{meffabili

120 2280 239 2340 Marcus
251 2281 332 2354 Cato,
350 2283 403 2344 iste
424 2285 556 2355 ultimus,
573 2284 657 2357 cujus
677 2282 768 2344 virtus
788 2301 821 2341 ac
842 2284 963 2359 gravitas

119 2358 373 2422 comminationem
405 2362 466 2436 eius
488 2380 550 2421 non
578 2360 674 2420 minus
695 2359 853 2420 terribilem
877 2379 961 2437 quam

119 2434 317 2512 cujuscunque
330 2438 454 2499 consulis
466 2438 594 2510 faciebat,
613 2439 707 2512 palam
719 2436 829 2498 dioeret
841 2456 874 2496 ec
889 2439 962 2511 jura·

119 2529 173 2585 ret,
191 2511 219 2572 se
233 2511 346 2574 Caesaris
358 2535 474 2587 nomen,
493 2535 571 2587 mox,
589 2532 624 2575 ut
637 2515 764 2590 privatus
782 2511 835 2574 elle
855 2513 963 2587 incipe·

120 2606 172 2661 ret,
186 2590 261 2652 inter
274 2612 336 2653 reos
348 2591 516 2654 delaturum.
537 2591 657 2668 publicae
668 2591 717 2651 ille
729 2590 841 2666 iustitie
854 2588 963 2650 ll'udio·

119 2666 175 2740 sus,
201 2667 250 2730 seu
262 2671 380 2748 propriae
391 2688 501 2733 memor
513 2670 633 2743 iniuriae.
653 2668 731 2729 unde
743 2670 799 2745 jam
812 2668 842 2726 in
855 2667 964 2741 vulgus

119 2744 243 2806 effusum
255 2766 321 2820 erat,
339 2750 416 2811 idem
429 2746 531 2808 caesari
552 2763 724 2807 eventurum
742 2742 822 2823 qnod
839 2742 963 2815 Miloni,

119 2837 155 2878 ut
164 2822 367 2898 circumseptus
378 2826 491 2885 armatis
511 2823 586 2899 apud
601 2822 708 2899 judices
724 2826 772 2884 leu
790 2841 825 2881 ex
837 2820 964 2880 vinculis

118 2895 230 2955 causaim
243 2898 327 2958 dicat.
365 2902 400 2960 Et
421 2901 495 2962 hanc
511 2900 693 2962 verisimilem
705 2900 772 2962 belli
790 2897 904 2959 eausam
919 2897 961 2956 vi·

115 2971 180 3034 deri
201 2971 283 3050 polle,
309 2997 366 3039 una
382 2998 440 3040 vox
453 2980 515 3054 ejus
540 2976 617 3052 facit,
649 2978 686 3038 de
699 2999 754 3058 qua
775 2976 828 3041 suo
840 2979 906 3039 loco
919 2975 963 3034 di·

282 3094 286 3101 ·
890 3071 958 3116 cam.

246 3155 266 3189 ι-
283 3139 354 3203 Fene,
366 3151 461 3205 panus.
584 3157 605 3190 ι.
622 3144 689 3204 rege,
706 3157 761 3206 qna.-
