2018 3622
194 112 732 223 derraJumcnsmrs.
821 134 896 214 251

67 241 180 303 damex
194 243 234 302 eis
257 244 290 303 in
316 242 427 318 alpium
438 241 557 300 trutlitu
566 238 635 298 belli
662 236 768 299 Gallici
787 256 902 318 tempoe

67 321 160 390 ribus,
180 317 317 397 quosdam
330 321 363 379 in
376 317 474 377 medio
489 311 787 394 periculosrffimorum
799 319 899 377 ardore

66 397 222 469 bellorum,
234 416 328 456 unum
343 396 426 469 cujus
436 392 520 470 supra
530 391 717 452 meminimus
724 391 795 450 dum
806 394 841 451 ab
850 411 899 450 ur-

67 473 102 530 be
113 473 209 531 Roma
224 493 292 531 1111
319 470 348 532 u
360 491 403 529 xx
414 471 513 530 diebus
524 470 694 530 ulteriorem
708 469 740 526 in
756 466 897 542 Hispani·

68 566 112 607 am
124 544 311 625 pervenillet.
339 546 476 624 ,Scripsit
499 546 528 606 ὃι
550 544 681 622 epistolas
705 544 741 603 ad
754 542 899 614 senatum,

68 623 102 683 ad
115 625 230 696 amicos,
247 625 323 683 inter
332 624 404 682 alios
416 639 430 668 ²
444 621 623 683 Ciceronem.
655 619 717 696 qui,
732 638 798 698 pace
811 619 899 678 dixe-

66 703 121 760 rim
133 701 209 760 tanti
221 700 286 771 viri,
304 697 375 774 saepe
390 699 419 758 &
436 701 564 759 multum
578 701 609 756 in
619 696 748 757 amicitia
762 695 897 756 variavit.

66 768 902 912 scripsitadolescentulurmultaquaeprosequilongumest.

139 854 192 912 alis
204 854 253 912 ille
261 854 296 911 in
307 852 391 912 rebus
402 853 514 929 ingenii
527 874 535 908 ε
566 872 635 911 narn
647 851 680 909 in
691 851 775 910 rebus
790 850 901 910 bellicis

68 931 144 989 nulli
154 926 310 988 hominum
329 928 468 989 secundus
481 922 563 987 fuiffe
585 947 646 987 non
665 927 832 1004 ambigitur.
858 925 902 987 ita

66 1022 171 1082 nempe
182 1006 218 1064 de
232 1005 284 1065 illo
298 1001 507 1081 scriptumest:
527 1002 585 1063 Vir
597 1023 654 1080 quo
667 1022 755 1064 nemo
770 1023 811 1063 un
832 1022 899 1064 uam

65 1079 248 1158 bellir¹magis
259 1083 365 1140 enituit
374 1083 423 1141 ³in
435 1079 604 1157 quibusdam
616 1099 765 1156 nunquam
778 1021 837 1156 ipie
847 1079 899 1140 fibi

65 1158 205 1235 pepercit,
223 1157 418 1234 indulsitque4
429 1155 527 1215 aliud:
560 1159 713 1233 primusin
724 1161 849 1236 agmine,
869 1177 900 1215 e·

66 1254 135 1310 ques
148 1233 303 1306 interdum,
322 1232 407 1310 pedes
429 1231 530 1308 sapius
547 1235 723 1295 cernebatur.
754 1253 807 1294 nec
829 1235 898 1306 gelu

65 1328 117 1370 nec
130 1309 187 1372 sole
200 1329 253 1368 nec
264 1309 366 1388 pluvia
378 1325 465 1385 caput
473 1309 604 1382 operiens
617 1332 624 1367 ε
644 1321 654 1354 ⁵
670 1309 834 1369 exhortatus
843 1308 898 1367 do·

66 1383 137 1446 cens
150 1405 189 1446 ue
201 1384 306 1446 affidue
318 1383 391 1460 quid
408 1385 555 1461 agendum
567 1384 637 1460 quid
656 1383 830 1445 cavendum:
867 1383 897 1443 δι

66 1406 227 1538 praeiertim
240 1463 372 1539 exemplo
384 1460 492 1520 milites
498 1460 534 1519 ad
545 1462 673 1520 laborem
683 1462 796 1539 erigens
811 1475 899 1533 atque

66 1538 246 1600 confirmans.
267 1538 450 1598 nullusenim
459 1538 541 1597 locus
552 1554 612 1597 erat
624 1539 757 1615 ignavie,
789 1536 840 1595 ubi
851 1534 899 1594 su·

64 1631 117 1676 um
127 1617 330 1692 imperatorem
341 1631 519 1693 preeuntem
530 1613 675 1687 videbant,
695 1614 904 1691 jubentemque

64 1710 124 1752 non
139 1691 184 1750 ire
195 1690 243 1752 sed
264 1690 373 1763 venire,
398 1689 427 1750 δι
449 1689 479 1749 se
491 1687 572 1779 sequi
598 1691 634 1750 ad
653 1692 791 1766 pericula.
813 1702 903 1749 nemo.

64 1785 195 1845 unquam
219 1769 388 1903 promptior,
414 1785 502 1826 nemo
528 1787 560 1825 m
570 1768 707 1842 periculis
715 1766 848 1828 cautior:
868 1764 904 1826 bc

65 1861 134 1904 cum
160 1856 261 1906 cautus
283 1864 299 1902 a
337 1843 445 1914 omnir,
464 1857 529 1903 tum
549 1843 701 1906 dustandis
725 1841 899 1905 exercitibus

65 1919 290 1981 cautissimus&
317 1919 486 1981 insidiarum
508 1919 773 1996 providentiffimus
785 1919 898 1993 semper

65 1997 133 2058 fuit.
154 1998 194 2054 ita
203 2012 239 2055 ut
251 2014 401 2072 nunquam
414 1994 543 2066 duceret,
562 1997 616 2056 nist
627 1997 780 2057 itineribus
801 1997 901 2073 explo-

65 2075 143 2144 ratis,
162 2087 212 2131 aut
226 2090 275 2148 per
286 2073 366 2141 alios,
384 2087 434 2130 aut
444 2088 496 2206 ff
509 2070 652 2148 seipsum:
687 2088 899 2147 nonnunquam

65 2149 176 2210 intere
202 2145 291 2207 hostes
314 2147 432 2206 illorum
481 2145 546 2206 bitu
558 2147 738 2226 transgressus
769 2145 908 2222 incogni*

65 2227 156 2298 nitus,
175 2241 210 2285 ut
222 2224 258 2283 ad
270 2224 411 2284 summam
424 2222 534 2284 libratis
544 2225 679 2284 omnibus
692 2225 821 2286 dubitari
836 2217 902 2298 pos·

64 2302 113 2376 stt,
134 2323 170 2363 an
190 2301 344 2362 animosior
367 2297 441 2371 ellet,
463 2321 500 2359 an
513 2300 642 2361 circums
656 2301 755 2373 ebliur,
775 2299 907 2360 cautior*

66 2398 131 2455 que.
143 2381 299 2439 celeritatis
306 2397 367 2438 non
375 2394 492 2436 tantum
502 2379 583 2437 mirae
598 2377 626 2436 se
660 2377 842 2438 incredibilis
855 2372 907 2430 fu-

62 2455 95 2528 it,
135 2475 203 2516 uam
217 2457 246 2515 δι
260 2454 379 2532 ingenio
393 2456 554 2530 &corpore
566 2453 710 2530 prostitit,
724 2458 808 2526 itaut
823 2447 898 2511 &sl-

64 2472 135 2610 quii
150 2534 269 2609 ingenio
281 2529 426 2608 agendum
439 2528 515 2599 effet,
553 2548 619 2590 ante
640 2533 788 2608 perficeret
811 2543 907 2610 quam.

10 2636 13 2648 »
64 2607 183 2684 coepelse
208 2607 424 2676 crederetun&
444 2624 564 2680 corpore
576 2605 679 2667 iridem
697 2628 757 2668 non
768 2610 820 2679 ire,
850 2599 902 2660 secl

62 2687 162 2744 volare
174 2683 261 2755 visus,
282 2702 401 2743 centena
413 2683 494 2743 milia
506 2680 635 2760 paffuum
645 2686 678 2742 in
691 2685 817 2763 fingulos
836 2684 909 2746 dier

60 2764 197 2839 exigeret,
218 2761 403 2827 &labicons
416 2778 514 2819 amnes
530 2774 579 2820 aut
601 2756 721 2832 8ηπάο,
754 2781 802 2823 aut
815 2761 898 2824 infla-

96 2924 119 2960 r.
133 2908 205 2969 Deest,
212 2909 296 2971 ferolt,
316 2907 460 2976 autromposn·
536 2922 557 2966 ς.
573 2905 774 2974 legemr«
884 2860 906 2906 ἃ

61 2974 111 3021 erit.
535 2983 557 3024 6.
572 2975 644 3030 Forte,
656 2976 771 3038 perlustro

94 3052 117 3084 2.
133 3036 203 3097 Lege,
218 3035 368 3088 adCicermem.
534 3052 558 3096 7.
573 3039 645 3093 Forte,
659 3039 745 3098 rapidas.

96 3113 117 3153 ³·
132 3098 202 3162 Lege,
219 3100 329 3160 inquibus.
536 3105 559 3152 8.
573 3102 640 3167 Lege,
656 3099 728 3161 nando

91 3178 119 3223 4.
133 3162 201 3227 Lege,
215 3161 303 3227 aliquid·
