2018 3622
180 103 497 199 deVitaJuLu
527 96 773 184 Cniiars.
869 127 915 203 51

83 259 167 302 mans
178 239 286 299 medios
303 240 334 299 in
346 238 447 300 flullus
460 235 531 298 mira
547 257 614 298 cum
627 239 761 300 alacritate
772 243 782 274 ¹
795 236 924 301 diffiluit·

82 322 94 347 ²
112 319 219 394 Attigit
232 335 265 376 ut
275 318 400 392 primurn
409 333 510 376 tetram
524 315 645 392 pedibus
657 315 760 390 attigit,
780 316 866 392 grellu
877 339 922 378 ra·

79 395 150 469 pido
165 395 237 454 ferre
248 396 375 470 aquilam
397 395 428 454 in
443 391 534 453 hostes
551 392 650 466 coepit.
670 391 784 451 virtutis
795 396 926 468 exemplo

79 472 233 531 &nobiles
254 471 366 530 incitati
379 490 488 541 omnes,
507 489 566 529 non
584 469 677 529 solum
691 467 785 544 quiin
800 468 858 537 illa,
876 470 925 531 led

78 549 176 624 quiin
194 548 303 607 cunliis
315 564 395 605 erant
408 548 524 607 navibus
543 547 574 606 in
594 546 685 605 undas
706 562 793 621 atque
814 543 881 603 inde
893 545 927 606 in

78 623 176 682 hostes
188 640 283 682 ruunt.
306 642 401 699 pugna
412 640 488 685 atrox
500 625 634 695 exoritur,
652 622 791 697 duraque,
813 639 924 696 anceps,

82 701 113 757 δι
141 700 278 759 Romanis
302 701 420 774 adversa,
446 718 555 779 propter
579 702 710 760 locorum
734 697 929 774 iniquitatem

81 774 235 852 Postquam
248 797 315 835 veto
328 795 426 838 terram
434 785 552 837 omnes³
569 778 761 853 attingerent:
772 773 925 836 colleiiiin

81 872 177 911 unum
192 855 220 911 bc
230 853 335 912 redubli
346 854 379 913 ad
392 854 504 915 solitum
519 873 621 931 pugne
634 873 732 929 genus,
746 853 804 911 alio
815 851 926 925 impetu

81 930 190 991 inveiii
211 929 346 992 firderunt
359 931 551 1003 adversarios;
571 929 664 992 fuisset
687 930 787 990 clarior
806 928 927 989 villoria

81 1005 101 1064 sr
115 1007 149 1065 ad
170 1006 374 1084 insequendum
388 1009 524 1085 profugos
537 1009 676 1083 equitatus
690 1008 863 1083 intempore
880 1007 925 1066 af·

79 1082 195 1156 fuill'et3
215 1102 290 1145 tanta
311 1087 369 1146 fuit
383 1103 489 1156 tamen,
509 1102 542 1146 ut
553 1085 677 1144 Britanni
691 1083 816 1144 hostium
838 1082 922 1161 sunm

79 1160 144 1219 casu
156 1162 256 1232 territi,
274 1164 383 1237 legatos
396 1161 432 1221 ad
446 1160 580 1222 Caesarem
594 1162 740 1221 mitterent
755 1162 783 1220 δι
796 1161 921 1222 deditio·

80 1257 149 1296 nem
162 1239 189 1297 bt
203 1238 310 1298 obfides
322 1240 351 1300 &
360 1238 501 1316 quidquid
516 1240 667 1298 vilioribus
681 1238 747 1296 victi
758 1238 862 1297 debent
875 1238 921 1299 of·

80 1312 215 1384 ferentes,
232 1335 298 1373 cum
313 1316 348 1374 iis
372 1316 400 1373 bc
412 1315 530 1375 Comius
548 1315 644 1384 rediit,
663 1332 750 1389 quem
764 1313 799 1373 ad
810 1333 868 1387 eos,
885 1332 921 1374 ut

81 1387 219 1462 diximus,
238 1388 408 1462 praemill'um
428 1390 456 1448 δι
477 1389 620 1449 commiffa
636 1387 717 1454 edere
736 1388 923 1460 incipientem

82 1466 208 1524 vinculis
222 1464 432 1524 astrinxerunt:
452 1485 531 1523 nunc
541 1465 666 1524 solutum
676 1463 859 1535 remittentes,
880 1467 923 1523 vi·

83 1544 155 1601 olati
179 1543 291 1619 eulpam
315 1543 347 1601 in
361 1540 582 1601 multitudinem
604 1537 782 1610 retexerunt,
800 1538 924 1601 &errori

84 1618 201 1695 publico
218 1616 333 1679 veniam
350 1616 502 1695 petierunt.
542 1617 658 1693 Quibus
671 1614 759 1675 Cesar
769 1615 867 1676 acriter
879 1619 924 1678 ln·

79 1693 204 1771 crepiris,
223 1691 303 1771 quod
325 1712 462 1834 pacessper
477 1696 585 1775 legatos
601 1693 680 1756 ultro
697 1692 819 1769 expetita
830 1692 861 1756 dt
871 1694 923 1755 ob·

79 1786 168 1847 tenta,
187 1773 296 1835 bellum
306 1769 392 1834 intuli
414 1786 473 1849 ent,
492 1769 603 1837 hostilia
619 1770 651 1833 in
665 1770 773 1834 amicos
784 1770 851 1844 auli,
872 1791 923 1834 aa·

81 1849 160 1910 niam
184 1865 281 1913 tamen
300 1847 475 1989 supplicibm
488 1871 550 1914 non
564 1848 693 1930 negavit,
714 1867 802 1931 quam
817 1867 924 1932 negate

63 1946 137 2001 ‚nec
148 1944 265 1989 noverat
275 1946 329 1990 nec
354 1926 456 1991 olebat.
475 1929 674 2007 pertimetis,
691 1930 794 2011 partim
805 1933 923 2007 promis-

80 2004 116 2065 sas
126 2003 267 2066 obsidibus
281 2025 333 2081 pax
346 2021 488 2073 conventa
499 2003 550 2066 est.
570 2005 713 2083 principes
723 2006 922 2071 Britannorum

79 2080 177 2140 turbas
190 2083 225 2141 ad
237 2083 436 2159 agriculturam
450 2080 704 2160 revertijullerunt,
718 2081 769 2159 ipsr
782 2082 867 2161 seque
879 2084 924 2155 su·

77 2157 167 2234 alque
181 2160 264 2219 urbes
277 2169 288 2200 ⁴
300 2157 392 2219 Caesar
403 2160 541 2221 infinuare
554 2160 636 2220 omni
649 2157 742 2221 studio
753 2157 913 2296 sataffientes.

118 2235 304 2297 Paulominus
323 2234 466 2299 festinatio
486 2258 578 2298 unum
598 2234 671 2299 mihi
691 2237 814 2296 viruma
835 2237 922 2314 stulit,

70 2317 168 2389 'quem
178 2314 208 2372 in
222 2313 349 2374 medium
364 2314 455 2380 virtus
470 2314 565 2388 ejus&
576 2313 653 2374 fama
664 2312 818 2375 restituent.
842 2317 864 2376 is
880 2319 920 2382 est

80 2390 202 2451 Marcus
214 2389 317 2450 Caesrus
338 2391 448 2452 ⁵Scena
467 2393 549 2451 miles
568 2388 691 2465 Caesaris,
709 2392 759 2468 qui
775 2391 830 2454 hoc
847 2396 918 2472 ipso,

78 2485 164 2543 quem
178 2466 369 2541 praemilimus,
384 2467 418 2527 ad
430 2468 550 2528 insulam
564 2466 691 2545 appulsu,
711 2469 858 2544 scopulum
871 2476 919 2534 lit·

79 2545 134 2603 tori
146 2545 309 2621 proximum
324 2546 439 2619 plenum
450 2547 540 2605 turbis
557 2544 683 2606 hostium
695 2564 834 2608 contuens
848 2571 918 2615 cum

80 2638 201 2697 quatuor
229 2636 340 2681 tantum
355 2617 368 2653 ⁶
385 2623 632 2698 commilitonique
646 2621 769 2683 cimbam
784 2644 818 2684 eo
832 2643 919 2689 trans·

80 2698 186 2771 vetius,
212 2720 227 2757 e
249 2698 324 2774 regia
349 2698 489 2774 paucitate
509 2699 678 2773 barbaricam
699 2702 918 2766 multitudinem

80 2771 121 2832 est
131 2717 279 2912 agffressgus.
302 2796 424 2852 cumque
436 2777 510 2836 inter
525 2776 716 2853 pugnandum,
729 2777 810 2840 cestus
821 2802 917 2859 aequo·

81 2850 163 2911 reite
183 2873 252 2927 uxu,
270 2851 452 2916 interstitium
474 2854 547 2927 illud
568 2853 643 2930 quod
658 2853 807 2932 scopulum
827 2860 861 2918 ab
875 2862 918 2918 in·

517 2932 544 2992 G
565 2947 584 2991 2
859 2935 918 2995 sula

116 3063 138 3096 ι.
154 3051 218 3112 Lege,
239 3052 324 3111 drfiluit.
544 3070 567 3111 4.
582 3056 651 3112 Lege,
666 3053 745 3110 cesari.

112 3128 134 3159 2.
151 3115 217 3173 Lege,
230 3123 314 3177 vitque.
545 3132 564 3171 5.
582 3119 652 3174 Lege,
670 3117 745 3161 scm.

112 3189 134 3233 3.
152 3179 221 3239 Lege,
239 3192 360 3244 attigerunt.
451 3182 456 3187 ’
548 3186 569 3226 6,
586 3181 657 3237 cape,
679 3169 919 3248 commilittnihtfsct'd’·
