2018 3622
83 126 147 239 758
301 124 352 221 J
373 117 476 205 Celsi
505 126 754 203 Commentarii

93 250 143 319 sed
162 255 212 320 vix
228 259 318 335 galeas
338 255 479 318 induendi
498 257 612 320 licentia
633 253 789 332 superesset
817 253 940 320 Nullus

63 353 65 357 ’
92 324 151 396 suit
169 337 295 399 acierum
308 334 396 408 ordo,
418 336 496 395 nulla
520 354 562 394 ars
582 333 703 406 militia,
721 333 848 405 fortuna,
870 352 937 410 quae

93 412 410 487 prinus.soler,÷-ornnes
428 412 478 471 srbi
502 428 606 488 pugna
629 408 820 470 tumultuariae
845 428 938 486 partes

93 487 284 566 usurpaverat.
322 490 354 549 ui
364 487 399 547 ab
411 508 495 563 opere
512 488 548 547 ad
565 487 700 563 proelium
713 485 853 560 redibant,
872 505 935 563 quae

77 564 159 624 acasu
173 565 293 644 quisque
303 507 382 642 dgna
393 563 585 638 conspexerat,
602 564 659 624 illis
672 562 700 622 se
721 559 874 622 confestim
887 584 935 640 ap-

93 641 225 716 plicabat,
243 659 326 719 atque
344 642 392 702 illa
408 639 598 716 sequebatur3
626 660 663 699 ne
675 638 761 699 suum
786 640 936 714 proprium

77 718 266 795 ⁸inquirendo
277 717 398 778 confusis
405 717 542 777 omnibus
553 735 666 792 tempus
678 716 833 789 amitteret,
848 736 937 778 omne

76 834 90 846 -.
136 795 172 854 od
186 797 216 854 in
229 793 320 854 hostes
329 794 390 854 ,iret
413 792 495 853 suum
510 793 622 870 signum
636 792 795 853 extimabat.
816 793 936 868 ancipiti

133 872 252 932 terribili
265 870 359 929 Marte
373 887 539 946 pugnatum.
558 868 612 930 -sed
626 890 675 944 per
688 869 795 928 medias
810 868 936 930 difficul-

82 962 164 1007 :aates
173 963 258 1025 atque
265 947 394 1082 ‘pericula
407 949 536 1006 Romana
550 947 639 1006 virtus
651 947 753 1020 erupit.
790 945 826 1006 Et
842 965 935 1022 quuna

87 1041 263 1100 pergentes.
285 1022 373 1082 ivisus
384 1041 443 1084 erat
454 1023 580 1084 hostium
592 1023 739 1094 exercitus,
765 1042 841 1081 nona
852 1021 935 1083 fimul

78 1120 125 1159 ,ac
134 1099 329 1175 decimalegio
342 1098 423 1160 fessos
434 1100 531 1162 labore
540 1100 689 1178 -vidlosque
701 1098 866 1158 vulneribus
875 1097 933 1156 fre·

78 1176 138 1252 ¹git
148 1175 305 1236 Atrebates.
346 1176 457 1238 Octava
472 1197 539 1236 vero
557 1178 588 1237 dc
606 1174 759 1237 undecima
778 1173 933 1235 Viroman-

77 1254 166 1315 duos
176 1272 244 1313 cum
256 1252 330 1315 duce
342 1252 393 1316 suo
405 1261 413 1284 ¹
430 1250 814 1329 Boduognaooquodam,qui
828 1250 933 1311 summi

93 1328 169 1407 apud
180 1348 229 1390 eos
242 1330 300 1391 loci
311 1347 378 1391 erat.
396 1328 471 1390 Cum
482 1328 600 1389 Nerviis
611 1328 780 1391 obstinacius
788 1345 933 1388 certamen

87 1407 152 1469 rfuit
160 1406 202 1473 us
213 1427 251 1468 ue
263 1407 335 1469 adeo
354 1423 388 1469 ut
399 1426 471 1483 pene
482 1407 514 1467 in
531 1406 620 1466 dubio
634 1405 721 1466 fuerit
734 1404 864 1464 Romana
876 1403 934 1464 for·

79 1498 169 1545 *tuna
190 1425 219 1545 dr
235 1481 354 1546 Treviri
376 1485 484 1563 equites
503 1480 696 1560 opinarislimae
714 1480 833 1541 vvirtutis
857 1481 934 1541 inter

91 1579 192 1622 omnes
207 1561 314 1636 Gallos,
335 1564 386 1640 qui
408 1560 513 1621 auxilio
530 1560 666 1621 Romanis
688 1556 871 1631 advenerant,
890 1556 934 1616 di-

91 1635 196 1709 spersas
208 1637 347 1712 legiones,
365 1639 394 1699 δι
411 1628 512 1697 referta
524 1634 651 1697 hostibus
669 1633 754 1696 castra
771 1650 858 1710 atque
871 1653 934 1694 om·

89 1712 139 1773 nia
150 1711 257 1771 circum
265 1714 380 1773 turbata
392 1729 548 1785 cernentes,
565 1712 657 1773 adium
671 1712 706 1772 de
720 1711 859 1771 Romanis
871 1710 932 1783 rati,

92 1787 237 1862 figerent,
258 1789 402 1866 victosque
422 1789 488 1849 illos
509 1809 542 1850 ac
555 1788 664 1850 deletos
675 1787 729 1849 sua
753 1787 849 1863 patriae
860 1807 933 1849 nun·

91 1865 202 1924 tiarent.
238 1863 327 1925 Casar
347 1883 441 1926 tamen
458 1865 567 1943 ubique
589 1865 697 1941 semper
713 1883 844 1942 magnus,
866 1880 930 1924 tuna

88 1941 204 2017 *niagno
226 1941 310 2003 etiam
330 1942 459 2020 periculis
485 1942 683 2020 permaximus,
709 1942 760 2002 ubi
783 1939 931 2018 signiferos

82 2017 263 2092 interfeilos,
285 2021 466 2082 centuriones
486 2036 580 2079 autem
594 2017 677 2079 caesos
692 2035 742 2078 aut
754 2017 872 2091 saucios,
889 2017 936 2078 irr-

80 2110 191 2173 ,terque
202 2097 271 2156 alios
281 2096 350 2157 Pur.
361 2097 488 2158 Sextium
495 2097 631 2157 Baculum
644 2093 823 2156 fortillinrurn
836 2095 934 2157 virum
956 2120 960 2126 ¹

80 2173 190 2233 nuliis
202 2173 383 2234 debilitatum
397 2173 571 2245 vulneribus,
581 2171 610 2232 δι
620 2172 678 2248 jam
689 2170 807 2248 pedibus
816 2170 875 2233 sris
888 2171 939 2233 in·

80 2246 182 2310 ,sistere
193 2269 253 2309 non
266 2251 410 2309 valentem
424 2249 508 2322 vidit,
526 2249 649 2310 aliorum
661 2247 795 2326 quosdam
807 2247 936 2322 segniter

81 2332 259 2459 wormes,
270 2325 327 2382 tela
339 2339 450 2384 tantum
464 2323 588 2386 hostiurn
598 2324 688 2385 vitare
701 2349 711 2397 ;
723 2320 856 2402 quosdam
867 2321 934 2384 sen·

85 2398 109 2440 -”
155 2398 254 2458 cedere
267 2423 276 2471 ;
295 2399 430 2474 quosdam
444 2402 545 2474 proelio
559 2399 703 2474 excedere,
721 2398 812 2460 hostes
824 2395 931 2460 instare

82 2493 123 2533 ‚ac
134 2489 280 2549 premerer
308 2474 337 2535 δι
352 2475 425 2535 nihil
434 2478 556 2540 omnino
566 2477 760 2553 respiramenti
769 2475 827 2538 suis
841 2474 907 2535 dare
914 2502 933 2550 .;

79 2548 214 2629 «denique
236 2551 267 2611 in
287 2569 413 2612 extremo
434 2574 496 2614 rem
515 2553 633 2629 positam
651 2554 813 2627 intellexit;
831 2552 934 2629 nilque

81 2626 151 2716 jam
165 2626 282 2702 praesrdii
301 2626 437 2705 superesse
450 2648 508 2707 quo
520 2632 568 2690 vel
586 2630 692 2708 perdita
705 2628 869 2691 restauraret
881 2631 933 2690 vel

79 2716 373 2766 rnunaeoccurreret:
393 2706 530 2766 auxilium
544 2705 623 2784 quod
635 2706 751 2767 aliunde
772 2726 831 2766 non
851 2720 935 2780 pote·

78 2792 131 2839 erat
144 2778 161 2839 d
173 2778 262 2868 seipso
275 2780 401 2858 cogitans
413 2783 604 2860 erigendum,
620 2783 699 2862 quod
711 2783 842 2859 ipserum
854 2780 933 2842 forte

78 2854 196 2932 (fintreth
219 2876 253 2915 eo
265 2856 339 2930 esset,
361 2860 454 2920 militi
467 2860 570 2921 lentius
587 2860 737 2921 dimicanti
754 2859 866 2920 scutum
883 2859 936 2918 ab·

78 2922 174 3021 {stolia
186 2875 216 2992 g
228 2932 260 2992 in
269 2934 389 3022 primam
403 2937 492 2997 aciem
505 2936 654 3013 proveflus
665 2955 768 3014 magna
780 2953 854 3024 poce
865 2955 935 2998 cen·

76 3021 211 3071 *triones
230 3029 388 3086 proximos,
405 3013 457 3076 suo
475 3031 619 3091 quemque
634 3016 763 3078 nomine
776 3031 935 3087 increpans

835 3108 854 3150 a

119 3188 150 3227 u.
168 3174 389 3244 Munere&
855 3105 925 3167 tque
