2018 3622
90 119 139 218 56
304 111 336 206 J.
358 103 459 189 Celsi
481 111 733 193 Commentarii

85 257 206 318 duarum
217 273 275 313 non
289 253 411 327 amplius
422 251 537 311 urbium
549 251 701 313 Britanniae
721 271 866 318 venerunt
875 257 921 319 ob·

85 335 165 404 fides,
183 332 243 391 aliae
257 350 357 391 omnes
376 330 404 393 ἃ
418 329 542 389 Romani
553 329 635 389 ducis
646 329 805 404 imperium
821 334 850 394 δι
862 357 921 412 pto·

84 414 174 488 priam
184 409 271 471 fidem
283 428 316 483 ac
327 403 458 482 premissa
471 405 706 481 contempserant.
750 414 757 438 ¹
774 409 876 471 Romae
889 430 919 475 ut

84 505 164 549 erant
175 488 273 549 Romo
286 484 420 561 cognitir,·
437 481 677 547 senatusconsulto
686 484 796 559 viginti
813 488 918 553 dierum

84 565 251 641 supplicatio
261 562 388 625 instituta
400 558 452 633 est,
465 580 507 619 tes
518 561 534 621 ὲ
546 560 647 621 seculis
659 560 800 629 inaudita.

123 645 234 703 Annuo
246 641 282 699 de
296 659 373 698 more
387 637 476 697 Caeiar
487 658 521 696 er
536 636 660 698 hibernis
673 638 705 698 in
716 639 829 701 Italiam
852 651 862 674 ²
875 663 918 704 ve·

83 720 136 780 nit.
174 717 292 777 Peredis
304 714 493 775 conventibus
501 713 646 788 Cisalpinae
654 715 766 790 Galliae,
783 720 863 795 quod
874 742 918 780 tn·

84 817 124 856 no
132 796 219 855 altero
232 795 262 853 in
276 794 373 852 animo
386 791 518 853 habuerat
529 791 564 849 ad
574 791 715 853 Illiricum
727 798 861 869 pertexit,
873 798 916 857 ubi

84 871 244 947 compositis
253 867 428 945 quarundam
437 868 561 928 motibus
574 869 737 944 civitatum,
750 892 839 946 parvo
850 892 917 935 tent·

38 995 41 1000 .
84 951 159 1024 poris
168 946 247 1023 lapsu
257 966 395 1022 magnum
407 945 459 1007 viae
467 945 590 1021 spatium
604 952 613 985 ³
627 946 764 1018 emersus,
784 969 834 1023 per
844 951 916 1011 Itali·

83 1026 167 1085 amin
179 1024 341 1085 ulteriorem
352 1023 474 1083 Galliam
486 1023 519 1082 ad
527 1023 684 1083 exercitum
693 1023 783 1083 rediit.
795 1025 826 1085 id
840 1028 915 1103 quod

83 1101 228 1161 discedens
236 1098 354 1174 jusserat,
374 1096 482 1159 classem
495 1099 614 1172 amplius
626 1119 712 1176 quam
724 1099 913 1165 sexcentarum

84 1179 202 1239 navium
213 1177 327 1237 invenit
339 1175 510 1237 instruerem.
529 1177 686 1239 collaudata
698 1176 819 1243 miiitum
830 1179 913 1241 indra-

83 1253 147 1315 ssria
160 1255 189 1316 dr
212 1254 344 1326 operibus
365 1252 562 1327 profestorum
575 1252 641 1325 fide,
658 1250 769 1335 classem
780 1253 866 1328 ipsam
879 1256 912 1315 ad

82 1349 209 1407 portum,
228 1332 320 1392 Itium
333 1347 403 1390 tunc
422 1331 552 1401 nomine,
569 1331 687 1407 triginta
700 1347 814 1393 tantum
833 1331 914 1407 padu-

82 1429 133 1469 um
145 1411 258 1471 milibus
270 1412 281 1450 ⁴
292 1408 326 1468 ad
338 1407 427 1468 insula
442 1405 593 1475 semotum,
612 1428 670 1486 quo
681 1410 779 1469 nullus
796 1407 837 1471 est
850 1411 913 1486 apti·

82 1507 115 1547 ot
127 1488 230 1549 deduci
246 1488 372 1561 imperat.
410 1483 473 1559 Ipse
486 1501 582 1545 autem
603 1491 611 1523 ⁵
626 1486 724 1547 omnia
738 1486 770 1545 in
782 1483 913 1548 Treviros

78 1564 216 1636 proficisci
241 1562 343 1623 statuit,
372 1561 450 1637 quod
479 1582 527 1622 eos
554 1557 633 1623 nee⁶
647 1561 763 1623 consilia
790 1564 914 1642 frequen·

82 1656 140 1699 tare
152 1656 307 1709 notaverat,
326 1658 380 1713 nee
394 1638 437 1699 int
473 1640 512 1697 ria
580 1641 585 1651 '
700 1638 751 1698 Ad
774 1637 836 1703 haec
849 1643 914 1709 Get·

80 1735 179 1775 monos
192 1713 227 1775 ab
247 1717 287 1773 eis
307 1708 396 1773 soffict
439 1737 449 1773 r
496 1735 542 1773 tna
559 1731 627 1785 erat,
652 1734 747 1792 quum
769 1737 803 1776 ea
822 1721 912 1781 civitas

80 1791 205 1864 proxima
219 1791 322 1851 Rheno
347 1789 408 1860 est;
428 1793 560 1853 omnium
583 1809 680 1857 tamen
698 1793 799 1853 Galliae
813 1799 902 1861 civita·

78 1887 141 1930 tum
152 1869 280 1946 equitatu
293 1867 453 1943 praesertim,
475 1868 669 1943 potentissima.

116 1947 201 2007 Erant
212 1947 244 2008 in
257 1966 286 2005 ea
301 1946 379 2016 urbe,
390 1964 423 2005 ut
433 1945 537 2020 assolet,
548 1946 606 2009 duo
615 1946 652 2006 de
665 1949 794 2022 potentia
805 1950 834 2011 dr
847 1950 912 2029 ptio-

77 2025 160 2085 ritate
173 2042 319 2086 certanten
351 2022 454 2084 horum
477 2025 594 2085 nomina
611 2042 690 2085 erent
709 2024 914 2089 lndiciomanrt

78 2103 106 2163 δι
119 2101 292 2179 Cingetorix.
317 2101 426 2161 Primus
438 2101 537 2162 audito
550 2102 674 2163 Romani
687 2101 769 2163 ducis
780 2105 914 2177 adventu,

77 2181 219 2256 equitum,
238 2179 377 2254 peditum,
396 2198 479 2255 quam
495 2179 630 2239 maximas
643 2178 734 2254 potest
748 2182 855 2256 copias,
878 2200 914 2245 at·

77 2273 134 2328 que
143 2256 240 2314 omnia
253 2256 330 2312 bello
339 2272 401 2328 apta
412 2256 525 2315 summo
537 2254 628 2315 siudio
641 2256 760 2329 parabat.
779 2259 915 2336 reliquant

75 2331 196 2398 turbam,
229 2329 353 2388 seru-vel
365 2348 443 2390 aetate
456 2331 585 2407 fragilem
599 2333 673 2393 inttt
686 2332 857 2395 Arduenam
873 2336 916 2397 sd-

77 2424 140 2464 vam
155 2402 337 2464 densrffimam
351 2422 435 2481 atque
449 2409 597 2485 ingentem
610 2427 677 2469 cum
688 2410 771 2471 rebus
784 2411 916 2473 fortunis·

75 2501 131 2558 que
143 2484 155 2522 Ἰ
168 2482 299 2543 omniurn
310 2482 418 2542 abdidit
431 2529 438 2553 ,
469 2504 502 2545 ut
515 2487 590 2547 curis
600 2487 660 2547 niis
671 2485 831 2560 expeditior
843 2488 918 2553 bello

76 2578 190 2631 operam
204 2559 290 2619 daret.
328 2560 411 2620 Alter
421 2581 500 2631 vero,
519 2565 746 2623 contrarioutin
755 2564 857 2621 talibus
868 2565 917 2626 fie-

77 2635 100 2695 ri
114 2652 188 2695 amat
200 2636 334 2709 consilio,
366 2636 458 2697 statim
472 2637 572 2699 Caesari
585 2638 655 2701 fines
673 2640 843 2720 ingredienti
858 2641 917 2703 sese

76 2712 197 2771 obvium
210 2712 239 2770 de
252 2713 386 2790 obsequio
398 2733 560 2791 promptum
572 2717 647 2776 tulit,
661 2736 745 2795 quem
758 2735 825 2775 cum
839 2720 919 2778 mul·

77 2789 100 2846 ti
114 2789 142 2847 &
158 2788 242 2862 ipsius
252 2810 356 2863 amore,
382 2794 529 2854 eratenim
541 2813 620 2854 catus
632 2796 747 2870 populo,
766 2792 794 2852 &
808 2791 918 2854 Roma·

74 2864 109 2926 ni
128 2867 266 2928 exercitus
280 2868 383 2930 timore
403 2869 594 2947 sequerentur,
624 2871 764 2947 cognovit
780 2867 919 2933 Indutio-

822 2968 917 3010 marus

114 3041 135 3075 1.
151 3032 223 3083 Forte,
233 3033 268 3076 Hir
282 3032 347 3081 rebus.
493 3027 499 3120 J
542 3050 561 3090 5.
577 3037 650 3097 Forte,
675 3035 763 3089 omnint,
788 3033 825 3085 vel
840 3039 918 3097 poen,

112 3113 134 3143 2·
150 3097 217 3153 Lege,
232 3094 316 3141 vtnt'cnt.
492 3109 575 3286 lenter.

114 3174 134 3212 3·
150 3160 217 3220 Lege,
234 3162 325 3219 emensus.

112 3239 134 3280 4·
151 3225 219 3282 Lege,
234 3221 266 3267 ab.

540 3168 561 3206 ⁶.
579 3163 647 3221 Lege,
663 3162 754 3207 cmi-ilia.

540 3238 562 3282 7.
580 3226 651 3288 sorte,
665 3225 731 3274 ‘mais
755 3258 763 3271 .
