2018 3622
198 115 238 192 de
262 117 348 192 Vita
369 107 514 209 Juuii
538 109 777 197 cnemis}
847 142 900 222 45

69 269 134 311 rem
145 251 307 330 iegaticum
323 257 331 281 ¹
346 249 525 311 dedicatione
543 247 621 308 urbis
637 248 815 327 advenerant,
838 271 903 315 turn

68 342 141 387 vero
158 329 236 405 opidi
254 327 401 403 praesesbus
419 325 501 387 noete
514 322 710 398 denuntiasset,
726 325 816 387 statim
837 332 904 407 quia

68 423 176 467 moram
189 403 335 466 necessitas
349 404 523 465 ultimanon
538 402 656 472 ferebat,
675 421 725 476 per
743 402 847 465 medias
863 424 905 467 te·

67 483 176 555 nebus,
194 481 240 542 his
252 480 370 552 eisdem,
390 481 440 556 qui
460 479 476 538 i
493 480 572 540 secio
585 475 658 538 miiii
671 493 762 548 erant,
780 477 905 554 ducibus,

66 554 212 618 Numidas
224 556 352 617 Caesar&
366 553 689 634 cretenses.sagiearios‚
701 555 731 614 dt
745 554 907 618 fundatores

66 632 224 694 Belearicos
235 633 309 693 intra
323 632 440 708 opidum
450 632 619 705 destinavit3
634 651 759 710 quorum
771 631 907 695 adventus

67 708 200 782 opidanis
209 711 288 784 spem
302 709 468 772 defensionis
477 711 581 784 atmiis,
586 710 679 786 Belgis
687 710 908 785 expugnationis

66 783 189 847 abstulit.
210 787 299 847 Mane
311 788 398 864 igitur
408 788 481 864 agris
487 789 561 850 circa
567 786 688 861 opidum
697 784 812 847 vastatis
823 802 907 863 atque

64 861 188 925 incensis
200 863 324 925 aedificiis
334 866 544 942 oppugnatione
554 861 687 925 omissain
695 861 834 923 Caesarern
847 879 907 923 tota

65 940 135 1005 belli
145 944 224 1001 mole
238 948 248 973 ²
262 957 389 1002 utuntur.
433 941 559 1019 Jamque
570 939 603 1000 ad
615 940 764 1001 duomilia
778 939 906 1016 passuum

62 1017 143 1090 juxta
156 1036 245 1092 erant,
254 1038 376 1097 quorum
387 1018 474 1080 castra
488 1016 635 1094 plusquam
648 1017 712 1078 osio
725 1018 805 1077 milia
818 1037 905 1078 occu*

62 1094 173 1167 pabant,
189 1113 330 1173 quantum
345 1097 363 1157 ὲ
377 1095 500 1158 flammis
510 1095 575 1155 ium
613 1114 649 1154 ue
664 1096 826 1172 intelligere
837 1112 903 1158 erat.

61 1169 160 1246 Itaque
168 1172 296 1233 Caesar&
307 1192 431 1233 numero
443 1188 538 1232 motus
550 1113 653 1232 utoiiid
665 1171 777 1232 &sama
788 1173 901 1234 virtutis

61 1245 189 1311 simulac
202 1257 211 1290 ³
227 1250 427 1324 magnanimus
436 1248 585 1309 &differre
597 1248 902 1324 proeiiumdecrevit‚&

62 1320 173 1384 assiduis
180 1324 371 1400 congressibus
383 1323 588 1400 quidhostibus
599 1325 714 1394 virium,
724 1325 795 1400 quid
805 1326 862 1385 suis
875 1347 903 1384 a·

63 1399 212 1460 nimorum
223 1399 287 1460 esset
296 1401 425 1476 experiri.
442 1399 595 1476 Postquam
606 1398 716 1458 abunde
728 1397 781 1457 effe
788 1419 906 1475 perpen-

63 1473 117 1535 dit.
136 1474 234 1536 statuit
245 1476 391 1537 fortunam
409 1474 503 1551 proelii
516 1490 632 1534 tentare.
662 1471 841 1534 Poisatamen
852 1476 906 1535 cir·

63 1551 229 1624 cumdeda,
235 1573 273 1612 ne
286 1551 360 1612 sorte
372 1570 413 1625 ea,
420 1570 504 1630 quam
515 1549 765 1623 solamverebatur,
773 1552 909 1613 multitu-

58 1626 128 1689 dine
140 1629 250 1689 circuiri
263 1629 373 1706 quirem
397 1649 451 1688 nec
458 1626 510 1689 nisi
525 1627 667 1688 infaciem
676 1645 857 1704 pugnaretur,
872 1629 901 1690 δι

60 1703 130 1766 duas
144 1705 263 1783 quidem
273 1705 401 1796 legiones
411 1704 573 1780 nuperrime
585 1703 635 1768 scri
656 1704 785 1766 tasuede
796 1710 900 1786 quibus

60 1782 190 1851 nondum
205 1785 325 1862 expertis
338 1805 370 1845 an
380 1784 440 1844 acie
452 1783 526 1843 sorte
536 1803 597 1844 non
679 1781 784 1844 ete-ad
793 1784 900 1846 castro·

53 1878 124 1920 rum
137 1859 382 1936 posuittutelam3
400 1877 434 1922 ut
451 1876 547 1922 tamen
565 1859 585 1920 ii
602 1859 770 1934 reposceret,
792 1862 914 1926 auxilio.

59 1937 210 2012 egentibus
222 1936 415 2004 subvenirent.
440 1935 498 2012 ipse
509 1956 576 1997 cum
593 1936 711 2070 ‘chiffl
724 1938 814 2011 copiis
832 1957 912 2001 ante

57 2013 145 2073 castra
157 2015 248 2074 aciem
260 2013 384 2074 instruit.»
399 2012 481 2072 Idem
490 2010 582 2072 hostes
589 2012 645 2069 aba
666 2013 747 2073 verso
758 2015 814 2087 jam
826 2016 904 2078 secer

56 2108 130 2150 rant.
139 2109 232 2150 unum
240 2105 299 2149 erat
304 2088 384 2166 quod
393 2089 526 2164 proelium
535 2103 702 2160 moraretur,
707 2088 786 2165 quod
792 2089 900 2154 scilicet

57 2167 136 2228 inter
154 2166 227 2228 duos
239 2168 377 2227 exercitus
390 2166 489 2242 exigua
505 2166 582 2238 palus
594 2180 659 2224 erat.
678 2163 751 2226 hanc
764 2183 797 2226 ut
808 2165 899 2229 hostes

57 2242 217 2316 transirent,
228 2262 346 2320 utraque
354 2243 475 2319 partium
488 2240 659 2319 expediebat,
665 2257 699 2301 ut
706 2243 783 2318 prius
793 2242 910 2322 ingres·-

57 2321 101 2382 sos
106 2321 213 2398 iniquis
224 2322 294 2381 locis
303 2320 478 2382 invaderent.
487 2320 535 2380 sed
546 2318 624 2398 quod
635 2335 752 2397 utraque
765 2341 825 2396 pars
835 2323 906 2400 spenv

57 2399 145 2471 rabat,
164 2413 283 2475 utraque
296 2397 452 2472 differebat,
471 2416 530 2473 quo
549 2395 689 2456 temeritas
702 2397 779 2471 prius
795 2399 831 2458 ab
841 2400 894 2462 ho·

59 2472 147 2534 stibus
157 2474 304 2550 inciperet.
335 2472 444 2534 tuum
457 2474 637 2535 tuminterea
646 2475 754 2551 equites
765 2476 893 2540 invicem

58 2551 256 2626 miscerentur,
274 2549 456 2628 essetqueillo
467 2551 499 2610 in
515 2548 657 2628 congressu
678 2549 803 2626 superior
815 2559 894 2630 equi-

57 2645 131 2690 tatus
145 2630 305 2701 Romanus,
324 2647 414 2706 quem
423 2626 511 2686 Caesar
527 2625 654 2691 incastra
668 2630 768 2703 proelio
779 2633 894 2707 prospe·

56 2709 131 2767 riore
142 2705 277 2765 reducere
286 2723 438 2765 contentus
448 2704 512 2764 suit.
532 2702 892 2771 hostesubi-intellexerunt

55 2782 157 2844 frustra
167 2781 196 2842 se
204 2782 312 2858 paludis
321 2781 467 2842 tranfitum
478 2778 630 2854 exspesiare
640 2779 749 2842 flumen
764 2789 772 2822 ⁵
789 2783 889 2845 vadere

56 2860 111 2922 nisi
122 2859 196 2922 sunt
215 2876 248 2934 ut
261 2858 281 2919 fi
296 2857 403 2934 possent
413 2855 558 2920 castellum
570 2857 587 2918 d
598 2854 714 2920 Titurio
727 2856 740 2890 ⁶
753 2861 894 2933 incessum

756 2955 900 3015 caperent*

93 3063 116 3097 ι.
132 3051 199 3107 Lege,
206 3047 309 3095 deditione.
518 3064 540 3109 4.
557 3048 630 3101 Forte,
641 3053 693 3095 Cum
705 3059 783 3095 tamen.

89 3131 114 3161 a·
131 3114 200 3170 lege,
219 3125 338 3160 vertuntur.
520 3126 541 3166 5.
555 3113 629 3170 Forte,
637 3115 723 3156 vadare.

90 3189 112 3230 3.
127 3177 196 3238 Lege,
211 3176 394 3238 magnanimitatis·
519 3179 540 3220 6.
556 3176 625 3232 Lege,
637 3171 739 3237 inseffitma
757 3218 762 3229 ,
