2018 3622
159 127 779 227 deVinJurnCnsrrrs'.
857 157 907 235 57

71 292 168 334 marus
183 272 211 333 se
224 271 354 333 delusum
368 271 396 330 &
408 271 443 331 ab
457 269 590 331 omnibus
609 270 692 331 facile
705 270 731 330 se
743 272 815 345 polle
827 272 910 335 desti·

71 352 125 408 rui.
159 352 229 410 Non
241 352 341 411 animo
353 367 432 422 ergo,
452 349 499 408 sed
511 347 631 408 consilio
643 363 753 406 mutato
764 348 817 406 sese
826 351 911 410 Caesa·

69 427 96 484 ri
110 448 160 502 per
172 429 290 487 nuntios
302 426 461 496 excusavit,
495 425 570 503 quod
584 420 621 483 ad
633 444 700 483 eum
712 424 747 482 ab
760 424 842 482 initio
853 447 910 487 non

69 503 202 576 venisset,
212 525 248 563 ne
262 501 437 579 principibus
450 502 532 560 simul
544 500 678 577 digrelsrs,
693 501 773 576 plebs
787 520 835 574 per
848 508 855 531 ¹
869 503 913 576 ju-

69 578 180 638 stitiam
192 581 255 639 falli
268 578 356 655 poffet
370 623 377 647 ,
407 579 462 638 &d
475 579 602 638 Romana
614 577 672 637 lide
691 577 785 651 pravis
804 576 912 638 fortasse

72 656 198 714 consrliis
209 654 327 730 impulsa
338 653 484 714 discedere.
534 654 672 714 Caeterum
686 655 715 713 se
726 654 755 713 dt
767 653 912 716 civitatem

68 729 163 804 ipsam
176 733 207 791 in
219 731 332 791 arbitrio
345 730 394 790 suo
405 730 466 803 else,
484 731 567 808 seque
579 731 614 789 ad
628 752 694 790 eum
709 732 728 791 li
742 732 914 806 praeceperit,

69 809 172 866 venire
185 829 276 884 prono
287 810 381 868 animo
396 825 528 884 paratum.
577 809 664 868 Caesar
676 827 840 886 quanquam
852 827 913 867 non

69 885 188 959 ignarus
200 885 277 944 unde
289 884 346 946 lraec
357 885 426 946 dieta
440 885 642 962 procederent,
672 907 710 945 ne
723 903 822 945 tamen
837 900 912 943 tern-

69 980 124 1036 pus
137 962 167 1020 in
181 960 306 1022 Treviris
318 980 427 1034 tereret,
460 964 559 1022 venire
570 963 650 1020 illum
662 961 696 1021 ad
709 963 739 1022 se
753 961 831 1034 juffit
842 980 911 1021 cum

70 1037 200 1098 ducentis
211 1039 358 1113 obsidibus,
378 1042 410 1101 in
424 1041 528 1116 quibus
540 1040 567 1098 δι
580 1037 652 1098 filius
664 1042 724 1112 eius
736 1038 795 1098 fuit
804 1039 833 1097 δι
846 1057 909 1114 pro·

68 1115 167 1193 pinqui
179 1116 296 1193 aliquot,
315 1136 401 1195 quem
416 1118 580 1175 venientem
597 1121 607 1145 ²
622 1118 681 1175 levi
691 1117 816 1176 oratione
828 1133 909 1178 com·

67 1192 165 1265 plexus
178 1194 213 1252 ad
231 1195 367 1254 Romanae
387 1190 516 1252 amititia
529 1192 759 1267 perseverantiam
778 1190 906 1253 cohorte·

66 1282 134 1339 tur;
165 1287 233 1329 cum
251 1271 377 1345 primum
397 1267 464 1328 ellet
488 1268 521 1327 ad
536 1269 691 1328 amicitiam
709 1268 906 1329 exhortandus.

66 1341 258 1404 Trevirorum
269 1359 367 1404 tamen
379 1344 547 1418 primoribus
567 1343 737 1402 nominatim
748 1342 908 1416 Cingetori-

67 1435 139 1495 gem
152 1417 376 1489 commendavit,
402 1437 463 1478 non
475 1417 564 1476 modo
580 1418 644 1493 quia
659 1417 708 1476 ille
720 1416 753 1476 srt
766 1417 884 1478 meritus
898 1442 907 1489 ς

65 1493 117 1556 sed
129 1494 194 1573 quia
213 1494 241 1554 δι
254 1492 304 1553 srbi
317 1491 469 1569 expediens
480 1493 628 1553 videbatur
643 1491 767 1553 amicum
780 1490 864 1553 suum
880 1494 909 1556 δι

64 1571 167 1649 populi
178 1571 303 1632 Romani
316 1570 363 1632 sua
375 1570 407 1630 in
420 1571 507 1648 patria
518 1570 644 1631 multum
661 1567 750 1644 posse,
780 1568 909 1646 oprimis·

63 1666 122 1724 que
144 1646 279 1709 omnibus
301 1645 478 1718 carumfelse.
524 1647 679 1708 Enimvero
700 1645 907 1710 Indiciomarur

64 1742 125 1786 eam
136 1743 197 1787 rem
209 1725 279 1786 tulit
288 1724 449 1803 aegerrime,
470 1741 582 1787 tanturn
597 1721 648 1784 libi
662 1723 831 1801 populariter

64 1800 111 1862 tie
133 1800 210 1863 demi
231 1802 364 1877 sentiens,
393 1818 530 1882 quantum
555 1799 711 1862 adversario
733 1798 829 1861 accell'
851 1818 905 1876 et;

64 1878 172 1956 quique
184 1878 279 1940 animo
290 1879 505 1954 inimicuserat,
533 1877 607 1941 banc
630 1878 668 1939 ob
685 1877 797 1940 causam
810 1879 905 1941 multo

62 1953 152 2014 etiam
162 1955 305 2016 inimicior
315 1955 405 2018 fellus
416 1954 464 2018 est.

103 2028 195 2090 caesn
207 2049 242 2090 err
250 2028 380 2091 Treviris
399 2032 435 2091 ad
446 2033 532 2092 illum
550 2048 637 2108 quem
650 2028 710 2090 dixi
722 2045 839 2105 porrum
851 2029 908 2090 lci-

61 2124 114 2167 um
129 2107 290 2166 venitcum
310 2107 444 2167 exercitu.
475 2107 535 2167 illic
551 2104 661 2167 classem
673 2122 761 2166 totam
778 2125 909 2180 praepara·

60 2200 122 2245 tam
137 2183 251 2258 reperit,
269 2200 366 2257 praeter
376 2183 518 2262 sexaginta
531 2201 618 2243 naves
630 2201 691 2259 quaa
703 2183 735 2242 in
748 2182 905 2244 Meldisfa·

60 2259 217 2333 ele-erant,
248 2259 372 2337 quasque
387 2261 532 2338 ireliquis
548 2262 678 2336 procellae
699 2263 782 2321 maris
795 2277 904 2321 averte-

60 2355 133 2411 rant,
146 2353 231 2413 atque
243 2336 277 2396 ad
289 2337 371 2398 littus
382 2339 459 2398 unde
468 2337 610 2399 solverant
622 2335 744 2398 refecisse
756 2345 766 2380 ³
773 2339 903 2400 ¹fateban-

60 2427 116 2472 tur.
147 2411 378 2489 floremquoque
401 2417 489 2476 totius
512 2415 615 2475 Gallici
636 2416 773 2476 exercitus
787 2418 900 2477 invenit

60 2505 182 2564 quantor
206 2490 294 2549 milia.
327 2509 407 2552 erant
430 2512 528 2552 omnes
551 2490 608 2551 sere
631 2493 771 2569 principes
794 2495 902 2554 Gallia-

60 2584 133 2624 rum.
160 2586 284 2644 quorum
304 2584 412 2642 partem
432 2569 522 2641 illam,
553 2587 636 2645 quam
659 2568 706 2627 srbi
720 2569 803 2631 fidam
816 2573 898 2632 rebus

60 2639 189 2716 senserat,
208 2643 352 2703 dimittere
364 2647 394 2705 in
407 2647 503 2706 animo
515 2644 642 2716 habebat,
661 2647 782 2724 reliquos
796 2668 896 2710 omnes

60 2718 154 2780 secum
173 2722 240 2780 loco
265 2720 392 2783 obsidum
405 2724 437 2782 in
450 2723 619 2781 Britanniam
638 2724 771 2797 trajicere.
809 2726 897 2798 huius

60 2795 166 2855 consilii
179 2793 259 2879 causa
274 2815 342 2868 erat,
375 2801 511 2876 quoniam
525 2800 670 2859 verebatur
682 2821 719 2860 ne
733 2802 782 2879 qui
798 2821 896 2862 motus

60 2870 509 2946 sedigressoinGalliisrorirerur.
530 2895 602 2954 quos
612 2876 754 2954 praesentia
765 2878 895 3012 fideliug‘r

518 3122 537 3158 3.
554 3107 625 3156 Forte,
640 3101 768 3158 satiantur.
862 3084 867 3111 ¹

515 3184 537 3225 a.
556 3173 623 3228 Lege,
635 3168 743 3213 rrirmrar.
