2018 3622
192 141 233 221 de
257 139 513 235 VitaJuntt
540 136 778 222 Cnsrnrs.
848 168 903 247 49

67 273 211 349 sparserat.
251 275 357 351 Itaque
368 275 523 333 multarum
538 271 634 330 insuite
653 272 796 334 civitatum
809 275 907 336 nuntii

69 349 208 411 Caesarem
221 352 335 420 adeunt,
355 352 383 410 δι
397 350 505 408 obsides
529 350 557 408 δι
579 349 768 408 obedientiam
791 353 912 424 promit-

67 445 167 488 tentes.
191 427 243 487 hos
264 429 388 504 benigne
413 425 576 501 suscipiens,
601 425 630 484 δι
653 422 751 483 sereno
775 429 858 485 vultu
877 430 907 489 δι

69 507 134 565 miti
158 508 286 566 oratione
309 502 494 579 prosequitur,
514 504 640 562 hortatus
664 518 698 560 ut
717 501 749 559 in
772 503 909 576 proposito

66 581 255 657 perseverent,
279 581 398 641 domum
411 581 529 640 remittit
541 581 569 640 δι
580 597 647 640 cum
660 577 770 636 eisdem
798 583 806 607 ¹
832 597 910 640 com·

70 660 155 718 muni
169 659 278 719 consilii
291 656 387 732 magni
405 658 514 729 virum3
539 657 626 732 inque
639 656 696 715 oris
709 654 766 714 illis
779 655 911 717 omnibus

72 736 245 795 ausioritatis
258 736 371 794 eximie
384 754 416 793 ae
429 733 552 808 spesiatae
569 740 579 764 ²
593 733 643 792 srbi
656 752 717 792 non
734 728 910 806 fidiffimum,

67 829 101 871 ut
111 815 229 872 rebatur.
269 813 340 887 Quo
351 811 452 872 metito
464 809 656 870 Attrebatibus
670 809 753 868 viilis
766 826 864 883 regem
875 811 911 869 il·

67 889 128 946 lum
140 889 329 967 imposuerat:
361 908 409 964 per
423 907 510 963 quem
530 887 648 946 urbibus
663 886 834 945 Britannicis
848 905 910 960 per·

69 963 182 1025 suadere
203 974 212 1006 ³
233 966 357 1026 mittitur
382 982 416 1024 ut
440 966 550 1024 ratione
576 963 642 1022 fidei
665 963 693 1022 se
716 964 910 1036 committant,

69 1039 205 1118 suumque
216 1042 270 1101 illis
283 1042 396 1101 nuntiet
408 1040 575 1099 adventum.
595 1038 784 1101 Venerunt&
795 1060 908 1116 magnae

70 1117 152 1190 partis
163 1119 344 1177 Morinorum
357 1118 454 1178 nuntii
468 1116 630 1178 excusantes
648 1117 701 1176 suae
725 1120 819 1192 gentis
832 1139 909 1178 erro⁴

68 1213 138 1265 rem,
147 1195 225 1269 quod
236 1195 366 1254 adversus
380 1195 518 1268 populum
530 1195 692 1254 Romanum
703 1211 815 1268 propter
825 1195 912 1255 suam.

70 1279 82 1308 ⁴
97 1270 259 1342 imparatam
271 1292 304 1328 ac
315 1270 458 1329 turbidam
469 1271 619 1330 barbariem
632 1269 802 1331 rebellassent
813 1278 822 1310 ⁵
836 1292 911 1332 mox·

69 1346 156 1415 viti0,
179 1367 238 1405 non
263 1348 332 1406 odio
349 1348 518 1417 animorum,
542 1349 570 1405 uc
592 1362 718 1418 petentes
750 1349 862 1405 veniam
876 1350 912 1408 &-

68 1409 270 1495 prisnitentiam
288 1422 445 1480 offerentes.
483 1423 514 1479 id
535 1435 699 1496 pergratum
723 1420 822 1480 Caesari
842 1424 909 1493 fuit,

67 1497 147 1574 quod
173 1497 205 1556 in
228 1498 402 1557 Britanniam
414 1497 575 1555 transiturus
599 1497 707 1554 bellum
728 1497 908 1571 invituspost

67 1592 148 1650 terga
162 1574 327 1646 dimitteret,
339 1593 431 1649 neque
442 1594 514 1633 curte
526 1572 693 1633 Britannicae
705 1572 908 1647 preferendum

68 1652 147 1711 aliud
170 1653 325 1713 estimaret.
364 1651 504 1726 Impositis
525 1651 615 1727 igitur
639 1649 736 1708 multis
757 1649 907 1726 oblidibus,

68 1730 154 1803 petita
168 1729 311 1800 concedit,
336 1725 414 1788 classe
430 1745 524 1789 autem
545 1728 616 1788 licut
634 1727 760 1786 diximus
780 1730 910 1800 colleila,

67 1806 137 1865 dum
150 1807 183 1865 ad
196 1806 342 1866 transitum
354 1805 382 1864 se
394 1823 534 1881 praeparat,
552 1824 648 1865 curam
664 1821 761 1879 portus
769 1823 800 1864 ac
812 1806 907 1866 cullo-

65 1882 143 1941 diam
154 1882 255 1942 Publio
264 1883 390 1957 Sulpitio
400 1883 488 1942 Ruffo
499 1883 665 1952 committit,
689 1900 756 1940 cum
780 1901 815 1939 eo
827 1886 906 1960 quod

65 1956 193 2018 sufficere
206 1959 297 2018 visum
309 1957 349 2018 est
362 1959 494 2033 presidio.
536 1956 693 2016 Resrduum
705 1957 849 2029 copiarum
873 1962 906 2020 in

67 2034 222 2106 Menapios
243 2035 343 2104 mittit,
361 2051 445 2109 atque
459 2035 488 2093 in
511 2034 573 2091 eam
594 2049 700 2109 partem
714 2033 908 2103 Morinorum,

64 2112 147 2170 unde
161 2110 253 2186 (quod
275 2110 438 2170 rebellionis
461 2109 603 2170 indicium
616 2105 774 2242 apsparebat)
789 2111 859 2169 nulli
871 2113 907 2173 au

65 2206 137 2247 eum
150 2186 246 2246 nuntii
256 2184 401 2246 venissent.
422 2186 464 2247 his
478 2185 628 2246 Titurium
662 2186 777 2244 abinum
801 2186 830 2246 a
848 2189 906 2249 Lu-

64 2266 146 2323 cium
169 2265 379 2336 Atunculejum
403 2262 517 2324 Cottam
542 2263 672 2338 praefecit.
711 2259 780 2322 Dies
797 2263 905 2327 interea

65 2340 245 2416 navigationi
258 2357 339 2415 aptus
355 2340 444 2399 affuit.
478 2359 600 2415 cumque
624 2339 660 2399 de
681 2340 776 2399 littore
791 2341 903 2405 Gallico

65 2417 207 2490 profunda
231 2418 312 2477 nosse
339 2415 473 2487 solvisset,
490 2419 710 2492 proximaelucis
726 2416 904 2496 horaqututa

63 2494 262 2554 Britannicum
274 2495 353 2551 littus
365 2496 503 2570 attigerat.
518 2496 691 2570 plenumque
705 2494 777 2555 illud
791 2502 903 2560 armatis

65 2570 190 2631 hostibus
202 2568 388 2644 conspicatus,
408 2571 609 2648 preruptasque
620 2591 702 2647 rupes
722 2573 822 2649 pelago
845 2579 902 2635 im·

66 2648 232 2722 pendentes,
251 2646 327 2705 unde
340 2649 391 2705 reli
404 2647 490 2721 jasius
504 2664 551 2708 aut
563 2648 662 2723 lapidis
673 2646 803 2725 unuead
815 2672 902 2713 naves

65 2725 146 2783 facile
163 2740 350 2799 perventurus
360 2721 437 2795 effer,
456 2723 577 2784 substitit
588 2745 743 2800 parumper,
755 2730 902 2802 capessans

65 2800 128 2858 suos
138 2802 187 2877 qui
200 2801 303 2859 lentius
315 2802 476 2860 veniebant.
503 2802 539 2860 src
560 2803 589 2861 in
616 2803 745 2864 anchoris
763 2805 852 2882 usque
863 2807 903 2867 ad

66 2873 166 2936 horam
178 2878 235 2940 diei
246 2897 352 2938 nonam
363 2877 446 2943 stetit.
484 2895 555 2941 tunc
566 2876 690 2945 assecutis
702 2882 903 2952 omnibus-le·

448 2955 476 3016 G
775 2960 903 3034 gatisque

101 3087 124 3120 1.
140 3075 206 3136 Lege,
220 3074 342 3124 ceramium.
532 3091 551 3128 3.
567 3077 640 3136 Forte,
655 3078 741 3131 nititur,
754 3091 777 3124 ut
788 3083 887 3128 limana.

98 3151 120 3182 a.
136 3138 209 3202 Forte,
223 3138 305 3206 filique,
324 3139 369 3195 vel,
379 3138 416 3202 fiii
429 3156 468 3203 ,aas
528 3154 550 3195 4.
566 3143 634 3197 Lege,
648 3141 773 3199 imperitam.
848 3184 852 3191 ,

64 3209 113 3263 tm·
532 3216 552 3256 5.
566 3204 633 3262 Lege,
652 3216 741 3249 marum·
804 3246 807 3251 4
