2018 3622
138 147 284 229 deVitr
312 141 465 246 lunii
500 142 768 228 Cissiis.
813 165 893 253 199

60 284 181 345 Vulcatii
196 291 204 315 ¹
218 282 310 357 Tulli,
329 284 382 363 qui
394 302 463 343 cum
475 283 566 343 tribus
578 280 739 342 cohortibus
750 281 895 359 Pompeia·

60 384 119 423 ram
133 362 282 438 legionem
292 360 411 437 pettulit
421 361 607 436 repulitque:
637 379 691 419 nec
712 378 772 418 non
786 359 813 417 bc
827 379 895 434 quo·

61 439 173 500 undam
188 439 416 508 Germanorum,
434 439 484 513 qui
496 435 707 496 munitionibus
720 454 897 510 erumpentes

60 518 153 577 uultis
162 514 287 574 bostium
299 514 372 574 caesrs
381 513 494 589 sospites
506 514 622 573 rediere.
635 514 666 572 in
678 512 791 572 castello
803 530 898 575 autem

60 593 183 668 puodam
197 591 275 666 quod
289 592 441 667 Pompeius
452 590 609 660 invaserat,
627 607 723 650 tantus
736 589 795 648 suit
807 590 898 650 imber

60 671 235 746 Tagittarum,
253 684 288 727 ut
304 669 361 728 sine
387 670 504 727 vulnere
518 666 701 727 defensorum
720 668 816 727 nullus
833 686 899 727 eva·

60 749 149 819 leret,
168 745 240 820 quin
250 744 278 805 δι
288 745 469 805 centuriones
478 761 601 821 quamor
613 746 706 805 oculis
718 745 794 820 capti
803 742 899 818 ellent,

60 827 85 886 lc
109 842 211 884 tamen
234 823 297 882 sero
320 822 416 882 diurni
438 823 541 882 laboris
560 842 592 888 ac
614 822 732 897 periculi
755 822 899 885 summanr

60 924 63 932 ’
80 901 280 976 imperationis
291 920 351 960 non
364 916 426 959 tam
437 899 551 959 auribus
564 918 647 976 quam
660 901 750 959 oeulis
761 899 900 973 subjicere

60 1000 86 1039 tc
95 975 292 1054 representare
306 974 501 1047 decrevissent,
519 978 636 1051 triginta
647 977 811 1053 sagittarum
820 979 899 1037 milia

60 1071 286 1116 numeraverunt.
324 1055 405 1113 Inter
417 1054 519 1113 cuntiz
542 1057 553 1096 ³
566 1053 638 1113 Cesri
650 1054 744 1115 Scevae
755 1057 900 1115 centurio·

60 1134 100 1193 ris
110 1133 282 1192 admirabilis
295 1132 387 1191 virtus
398 1129 465 1203 fuit,
486 1131 567 1202 wius
577 1130 690 1191 scutum
704 1135 823 1192 relatum
838 1132 899 1193 Cae-

60 1210 107 1269 iaci
120 1207 270 1285 perfossum
280 1211 295 1250 ⁴
306 1226 425 1269 centum
437 1208 542 1282 uiginti
552 1206 737 1268 foraminibus
749 1209 789 1269 est
797 1211 899 1270 inven-

60 1303 131 1346 tum.
150 1285 187 1344 de
207 1305 268 1361 quo
288 1284 406 1361 quidem
432 1285 509 1344 varia
526 1284 566 1344 est
582 1284 663 1345 sama.
702 1287 830 1361 Quidem
843 1304 900 1348 tra·

60 1363 137 1422 dunt
149 1360 283 1420 Caesarem
305 1362 361 1421 viri
382 1362 410 1421 u
423 1361 459 1421 de
479 1360 508 1420 se
520 1360 597 1422 &de
609 1362 750 1436 republica
762 1381 796 1422 ut
817 1364 900 1434 ajunt

60 1442 100 1499 ita
115 1439 209 1498 meriti
225 1439 331 1497 eximia
349 1440 457 1499 virtute
479 1455 654 1514 permotum,
673 1458 728 1516 qua
754 1437 899 1499 castellum

60 1536 150 1592 prope
168 1514 225 1575 sola
246 1514 386 1575 servatum
406 1518 472 1579 elset
486 1515 653 1591 pecuniariis
671 1536 738 1576 eum
763 1515 846 1576 donis
856 1519 902 1576 in·

60 1594 194 1669 gen'tibus
205 1593 234 1652 &
247 1594 358 1668 magnis
376 1590 529 1653 honoribus
539 1591 702 1663 cumulasse,
722 1594 754 1655 &·
762 1592 837 1653 inter
848 1611 900 1654 caea

60 1689 117 1730 tera
132 1671 165 1730 ab
183 1674 318 1730 'occurris
329 1671 477 1730 ordinibus
489 1671 523 1730 ad
529 1671 712 1806 Krimipilurn
725 1670 894 1746 provexille:

60 1747 208 1807 cohortem
223 1766 292 1807 vero
304 1764 394 1808 totam
406 1748 514 1823 duplici
554 1748 669 1823 ipendio
683 1749 711 1808 8<
724 1748 808 1810 donis
822 1751 899 1810 mili·

60 1827 166 1884 taribus
176 1823 365 1901 prosecutum.
408 1826 494 1900 Apud
515 1826 584 1884 alios
602 1825 694 1884 Scoeva
712 1827 802 1898 idem,
824 1827 899 1887 duce

60 1903 194 1970 absente,
224 1901 445 1977 cedentibusque
471 1903 631 1974 comitibus,
664 1922 760 1964 contra
781 1925 900 1965 ornnem

60 1979 194 2053 Pompeii
206 1980 359 2039 exercitum
371 1979 445 2037 solus
456 1978 542 2050 stetit,
553 1981 690 2057 &clypeo
701 2000 763 2040 cxx.
777 1983 899 2042 telorum

60 2056 167 2115 idlibus
177 2054 306 2115 transfixo
317 2054 452 2132 mirisque
463 2059 491 2116 &
502 2058 713 2118 incredibilibus
724 2058 805 2115 rebus
818 2056 901 2131 gestis

60 2132 203 2191 occubuit
216 2158 224 2204 3
253 2133 345 2207 jacens
356 2153 472 2210 quoque
483 2136 635 2196 vibioribus
647 2136 779 2192 terribilis
796 2155 828 2192 ac
846 2133 902 2192 stu-

60 2210 184 2284 pendus,
203 2210 253 2286 qui
272 2228 317 2270 tot
328 2212 447 2271 eximias
467 2231 576 2288 pugnas
598 2214 629 2271 in
643 2213 735 2270 Gallia
747 2213 902 2272 Britannia·

60 2307 119 2364 que
132 2288 244 2359 feceret,
264 2304 471 2349 contraomnes
495 2289 586 2348 hostes
599 2290 706 2362 semper
725 2291 857 2360 invisius,
884 2292 900 2351 ὲ

61 2366 177 2424 civibus
187 2364 364 2424 suistandem
377 2365 596 2425 interfeuusest.
609 2367 711 2425 Felixi
722 2366 902 2442 scriptoribus

63 2440 75 2473 ⁶
89 2441 203 2502 diffissr
217 2462 269 2516 pro
285 2443 411 2503 libertate
424 2444 556 2502 omnium
569 2441 685 2514 fecilior,
698 2445 774 2518 quod
789 2467 838 2520 pro
850 2446 901 2504 do·

61 2519 147 2579 mino
161 2518 214 2577 suo
231 2519 311 2583 fecit.

103 2596 151 2655 Sic
166 2594 195 2655 se
207 2597 289 2655 rebus
300 2595 475 2667 habentibus,
495 2595 582 2654 Caesar
596 2617 649 2655 nec
669 2595 847 2670 prosperitate
859 2613 904 2656 tu·

64 2672 182 2743 midior,
197 2693 251 2732 nec
265 2674 426 2733 adversitate
438 2675 616 2742 contulum,
629 2673 758 2747 quotidie
772 2673 801 2731 iu
814 2675 903 2735 aciem

64 2756 76 2820 .⁷
93 2750 254 2825 reducebat,
274 2752 302 2811 δι
327 2768 429 2827 pugne:
456 2752 565 2827 copiam
589 2751 715 2809 faciebat.
735 2751 806 2824 supe
820 2753 904 2812 etiam

776 2832 905 2906 legiones

102 2980 124 3013 r.
141 2968 210 3024 Lege,
225 2967 285 3011 Tulli.
536 2981 556 3021 5.
572 2970 661 3013 ollrn'r.
675 2965 789 3017 ficCaesau

103 3043 122 3073 2.
138 3033 206 3086 Lege,
221 3024 361 3089 imperatori*
534 3038 554 3075 6.
574 3034 642 3088 Lege,
655 3032 727 3077 dicim.

101 3107 122 3144 3.
139 3093 275 3150 Lege,Cafflr
288 3094 365 3137 Scaea.
397 3091 475 3152 (pinta.
537 3109 558 3148 7.
575 3100 605 3138 l-Iu
622 3094 698 3139 Cesar.
721 3106 813 3148 appone.
832 3086 907 3140 exerci-

102 3172 123 3214 4·
139 3154 205 3212 Apud
224 3151 337 3209 Caesarem,
362 3154 420 3200 ducis
441 3158 477 3202 tri·
505 3172 556 3202 rum,
570 3156 592 3202 b(
604 3157 667 3214 lege:
683 3158 785 3202 educebat.
