2018 3622
129 123 198 201 ‘de
218 113 478 216 Wtalusrr
518 111 781 203 cariata}
855 139 903 225 53

67 255 277 334 spargerentur,
296 255 424 331 &aliqui
435 253 513 315 unde
526 255 804 317 venerantviolentia
814 254 912 333 pelagi·

71 354 267 407 verterentut;
290 335 351 393 alie
376 331 412 391 ad
432 333 515 392 aliam
542 349 650 407 partein
673 330 773 393 insulae
797 332 907 397 summo

70 432 139 471 cum
152 411 316 472 discrimine
330 417 338 441 ¹
353 425 528 484 cogerentur.
564 408 746 484 Quinetiam
758 410 907 469 naturalia

71 489 101 548 δι
114 491 209 565 longa
222 497 231 519 ²
245 489 274 548 br
289 486 406 547 ornatio
418 486 450 545 in
467 486 568 562 quibus
578 484 720 547 exercitus
733 499 800 555 erat,
817 502 912 561 quam·

69 567 116 624 vis
127 567 219 624 littori
231 562 377 631 herentes,
397 562 434 622 stc
447 562 574 637 procellis
585 559 813 627 tumescentibus
833 561 913 618 avul-

71 639 108 701 sae
118 659 204 715 atque
218 639 348 715 opprelsae
359 638 435 712 sunt,
454 655 486 699 ut
500 645 508 678 ³
521 640 644 715 Rpma-⁸
651 636 801 712 daciam
813 635 914 698 nundi

73 716 181 775 finibus
193 737 252 776 non
264 733 425 776 contentam
436 731 509 776 extra
529 737 564 777 ue
576 716 674 807 orbem
687 716 764 775 bella
789 732 915 791 quaren-

74 809 145 864 tem,
166 736 922 930 teffaelssSS-f‘Q-ffissss-UQQ

75 868 212 946 Denique
223 870 258 930 ste
288 891 338 944 rste
399 890 520 943 omnes;
538 878 576 930 lrc
620 871 716 933 erditis
726 869 913 931 armamentis

75 963 126 1005 aut
135 947 226 1007 fratta
237 964 286 1008 aut
296 948 409 1008 inutiles
429 946 548 1007 redditae
561 890 741 1022 videbantur,
759 964 795 1008 ut
808 944 915 1006 metito

75 1021 136 1083 haec
152 1023 224 1084 inter
233 1024 407 1085 adversitates
419 1022 554 1084 Caesateas
564 1043 755 1087 numerentur.
795 1023 864 1100 Qua
874 1023 914 1083 de

74 1120 104 1159 te
112 1099 452 1179 consternatioingena‚ac
460 1098 685 1163 moestitiatotius
698 1100 911 1165 exerciutacon·

73 1176 166 1236 secuta
180 1182 202 1236 ⁴.
223 1200 289 1239 nam
300 1199 395 1256 neque
407 1177 462 1237 alia
474 1177 557 1238 classis
568 1198 622 1256 qua
634 1179 757 1241 redirent
768 1193 835 1249 erat,
858 1197 910 1237 ne-

74 1271 133 1328 que
151 1253 185 1312 ad
204 1253 276 1315 hanc
296 1254 385 1329 ipsam
405 1252 583 1328 reparandam
595 1258 642 1315 vel
666 1256 782 1317 materia
800 1254 848 1313 vel
870 1254 912 1313 sa·

75 1330 185 1388 cultas:
207 1330 234 1387 bt
247 1332 278 1389 in
291 1328 383 1390 Gallia
395 1326 602 1391 hibernandum
618 1330 689 1404 esse,
709 1337 720 1378 ⁵
732 1330 913 1390 &Britannia

76 1405 222 1465 lribernari
238 1423 349 1480 propter
359 1404 501 1464 frumenti
513 1407 638 1482 inopiam
645 1426 705 1466 non
715 1404 789 1481 polle
807 1404 915 1464 consta·

76 1485 136 1542 bat.
158 1482 382 1559 &praeterquam
394 1479 473 1556 quod
485 1501 527 1541 res
546 1501 593 1557 pet
613 1481 728 1559 seipsam
746 1478 831 1541 tristis
848 1497 916 1553 erat,

78 1557 233 1621 accedebat
254 1559 282 1618 δι
304 1559 388 1617 altera
408 1554 526 1617 dolendi
550 1557 628 1619 causa
645 1579 679 1619 ac
698 1556 829 1619 timendi.
847 1594 851 1601 ·
873 1557 917 1618 Sia

79 1636 200 1714 quidem
224 1636 375 1695 Britanniae
391 1633 540 1771 ¹principes
561 1655 633 1714 quor
651 1637 684 1697 in
701 1633 788 1706 fidem
808 1634 915 1695 Roma-

76 1733 192 1784 norum,
211 1733 272 1773 non
288 1733 366 1773 amor
404 1709 439 1771 ed
460 1732 547 1788 pavor
565 1729 722 1788 attraxerat,
742 1713 838 1773 omnia
855 1710 915 1773 illie

77 1790 167 1851 deesse
193 1810 260 1849 cum
285 1805 443 1861 cernerent,
469 1810 563 1861 naves,
587 1792 706 1866 equites,
724 1789 914 1863 frumentum,

78 1888 133 1928 nec
145 1867 211 1926 stare
225 1868 290 1927 illos
319 1866 375 1928 olle
389 1867 507 1939 diutius,
526 1869 686 1940 moabite,
706 1886 809 1927 eorum
824 1885 914 1942 quoq·

77 1945 248 2020 paucitatem
265 1887 418 2004 cedrorum
439 1963 473 2002 ert
493 1942 625 2018 augustiis
649 1942 808 2014 metientes,
836 1911 917 2019 quod

78 2040 175 2096 neque
187 2020 325 2095 equitatus
342 2038 436 2095 neque
456 2019 670 2094 impedimenta,
688 2018 738 2078 sed
760 2017 822 2077 solae
836 2018 876 2076 ibi
888 2038 918 2076 e·

77 2115 144 2159 rant
157 2097 285 2170 legiones
297 2118 303 2153 :
324 2111 517 2169 conceperunt
527 2095 606 2171 spem
618 2111 651 2156 ut
661 2092 694 2155 fit
705 2113 741 2153 ert
753 2094 851 2154 alienis
859 2114 919 2153 ma·

77 2178 125 2247 lis,
145 2193 178 2233 ac
199 2171 308 2244 rejeblir
325 2172 532 2231 adulationibus
549 2173 651 2249 quibus
667 2169 807 2244 Caesarem
824 2191 919 2249 coepe·

77 2268 146 2312 rant
166 2249 328 2326 promereti,
346 2249 504 2324 cogitantes
523 2248 602 2325 quod
618 2249 638 2309 st
661 2268 729 2309 eum
748 2246 920 2323 superarent,

78 2347 127 2389 aut
140 2328 334 2402 opprimerent
351 2370 361 2398 ,
381 2345 467 2385 nemo
479 2328 597 2403 amplius
608 2326 725 2387 bellator
736 2325 768 2386 in
778 2326 917 2401 Britanni·

80 2427 128 2465 am
142 2405 285 2478 trajiceret
297 2429 306 2475 3
326 2403 422 2464 habito
433 2402 469 2463 de
481 2401 524 2464 his
535 2403 616 2464 rebus
631 2405 705 2465 inter
718 2400 748 2463 se
761 2404 916 2484 colloquio,

79 2485 263 2549 rebellarunt.

121 2558 208 2619 Caesar
220 2554 352 2618 nondum
363 2556 559 2632 conjuratione
573 2556 718 2634 pausada,
735 2576 769 2619 ex
782 2555 916 2623 6adulati·

81 2656 137 2697 one
150 2653 248 2697 tamen
261 2635 402 2707 obsidum,
420 2634 470 2712 qui
489 2634 608 2709 promissi
619 2651 709 2710 erant,
727 2635 916 2699 exadversrta·

80 2731 112 2772 te
126 2719 136 2754 ⁷
149 2731 334 2788 praetereaque
353 2713 403 2772 sibi
416 2711 561 2783 acciderat,
579 2729 713 2775 mutatam
724 2732 792 2774 cum
803 2714 918 2775 fortuna

60 2815 63 2821 ·
85 2788 171 2851 fidem
182 2790 352 2851 barbaricam
365 2789 516 2928 cogitabas}
554 2789 608 2850 Sed
627 2792 706 2853 nulla
720 2811 750 2850 re
762 2790 857 2870 decipi
868 2813 918 2869 pop

448 2919 450 2924 .
530 2886 545 2941 3
846 2883 919 2931 terat

125 3016 144 3048 r.
159 3002 224 3059 repe,
238 3014 354 3063 agerentur.
548 3019 569 3057 ς.
585 3006 652 3060 Lege,
666 3004 758 3050 namin.

81 3103 85 3109 .
118 3076 142 3112 2.
160 3067 226 3126 Lege,
239 3067 338 3112 ornarit.
496 3080 499 3087 ·
548 3078 570 3113 o.
588 3069 657 3129 Lege,
669 3064 770 3111 dilatione.

123 3143 142 3181 3·
164 3130 230 3183 urge,
244 3136 386 3181 Rornanorum.
550 3143 573 3189 p.
591 3132 764 3189 Legereulmrl
780 3139 828 3195 ψ·
870 3170 873 3175 -

120 3209 141 3249 a.
163 3187 236 3246 Adde,
251 3191 291 3240 tr'l.
666 3218 672 3229 ·
