2018 3622
191 135 232 215 de
248 135 334 213 Vita
359 131 382 226 J
393 124 497 213 uuir
520 126 761 216 Cnsiiii's}
858 162 915 246 43

78 264 190 346 rarisque
203 270 363 346 Belgarum,
390 285 487 327 curam
505 263 670 342 inquirendi
684 265 918 347 stanamproposr-

79 344 493 485 lllllllllflllllls
520 340 920 484 lllllffll‘vilsszlllll

77 499 167 561 sarem
178 501 280 575 parari,
292 498 332 560 ire
344 496 379 555 ad
388 495 491 570 eoq&
502 497 638 572 perieulis·
657 496 702 556 ese
716 495 837 556 obvium
847 497 920 559 ferre

80 575 231 652 disposuit.
250 571 410 634 Confestim
419 591 487 650 ergo
498 575 583 634 motis
594 572 692 633 castris
704 572 923 651 quintodecimo

81 651 131 717 die
139 653 289 727 Belgarum
301 649 371 710 fines
381 648 621 726 attigit.insperato
627 648 760 711 adventu
768 650 841 708 moti
847 649 922 711 Rhe·

83 729 128 788 mi
140 730 249 804 legatos
259 726 294 787 ad
303 745 369 786 eum
382 727 517 803 principes
528 727 731 788 civitatisduos
744 727 867 788 mittunt
876 747 924 790 ex·

81 804 432 869 cusantesimocentlam:
461 825 521 865 non
533 805 560 864 se
574 824 641 864 cum
650 806 770 883 reliquis
784 804 925 876 coniuras⁴

80 881 122 955 se,
148 882 208 942 imo
223 881 338 959 quidem
349 880 503 942 Sueffiones
513 881 611 941 fratres
622 901 654 942 ac
667 882 817 959 proximos
827 880 893 942 suos
905 882 922 943 d

81 959 179 1027 furore
198 960 314 1034 publico
325 956 462 1018 retrahere
475 955 603 1030 voluilse,
620 979 714 1036 neque
723 960 789 1019 ullo
804 959 925 1034 ingenio
941 1000 944 1007 -

82 1033 208 1111 potuiffir.
232 1043 240 1066 ¹
261 1052 341 1097 tanto
353 1035 433 1097 enim
456 1033 508 1094 elle
521 1036 722 1107 coniurationis
733 1038 874 1112 impetum
888 1053 928 1098 ut

80 1113 190 1174 fraenari
207 1129 358 1190 nequeant.
399 1109 559 1185 Coniuralse
580 1115 675 1172 autem
694 1115 792 1190 Belgas
810 1133 923 1188 omnm,
942 1176 944 1180 ,

82 1189 112 1250 dt
133 1211 200 1250 cum
221 1189 264 1249 his
283 1192 453 1258 Germanos,
477 1186 526 1265 qui
547 1188 587 1248 cis
608 1188 741 1250 Rhenum
756 1192 927 1252 habitarenta

82 1265 113 1333 se
136 1266 153 1323 *a
164 1268 234 1325 belli
246 1266 370 1328 consiliis
384 1265 511 1336 alienum
529 1265 629 1341 itaque
637 1264 817 1332 deditionem
830 1268 858 1327 dt
870 1267 926 1329 oba

86 1339 157 1400 fides
176 1343 204 1400 dc
217 1341 344 1414 opida&
355 1340 542 1400 frumentum
554 1342 582 1399 δι
596 1361 682 1400 omne
696 1360 785 1430 genus
797 1343 928 1416 obsequii

86 1418 227 1492 promptis
240 1417 342 1474 offerre
352 1415 462 1473 atsimis.
494 1414 672 1491 eumqueex
683 1415 726 1474 his
739 1419 796 1489 jam
804 1417 835 1476 in
842 1417 932 1480 fidem
945 1477 949 1483 ,

88 1493 210 1565 receptis
223 1505 361 1567 quaereret
371 1488 530 1564 scrupulose
538 1490 577 1549 de
590 1491 697 1549 viribus
707 1491 839 1564 hostium,
851 1513 931 1554 com·

89 1570 165 1646 perit
176 1586 224 1629 eos
235 1567 391 1643 antiquitus
402 1564 573 1628 aiGermanis
583 1568 721 1644 originem
734 1568 846 1643 ducere,
852 1569 931 1631 Rhe·

88 1664 219 1722 numque
232 1645 305 1705 olim
332 1641 507 1720 transgressos
526 1665 644 1706 omnem
656 1646 727 1722 saepe
741 1647 863 1710 Galliam
877 1668 928 1708 ve·

88 1721 171 1796 ualle,
190 1722 310 1798 populos
320 1720 377 1783 suis
388 1720 499 1781 sedibus
512 1720 634 1797 ejecilst,
644 1723 739 1784 ¹audis
745 1724 868 1800 denique
882 1727 931 1786 vi-

87 1802 165 1861 ribus
179 1845 187 1872 ,
220 1800 249 1859 &
262 1797 392 1859 Cimbros
405 1797 433 1856 δι
445 1797 617 1860 Theutones
630 1801 721 1876 gentis
733 1800 858 1862 nudiores
870 1801 929 1864 suis

88 1877 192 1951 finibus
204 1883 214 1908 ²
227 1873 364 1939 circuill'e.
402 1873 483 1936 Dum
497 1893 564 1935 vero
578 1875 613 1935 de
625 1896 756 1950 numero,
774 1877 867 1954 deque
880 1900 932 1939 ex-

89 1953 222 2017 cellentia
234 1968 395 2028 quaerereta
422 1949 611 2027 deprehendit
630 1953 704 2012 inter
720 1954 819 2029 Belgas
842 1956 934 2030 pluri·

89 2050 176 2092 mum
190 2029 283 2104 posses
298 2028 468 2088 Bellionatos
482 2052 491 2097 ;
520 2047 568 2086 eos
580 2045 697 2087 centum
710 2028 798 2101 milia,
822 2030 853 2089 in
867 2034 936 2106 qui·

89 2110 146 2169 bus
160 2104 247 2165 ell‘ent
260 2104 345 2164 eleiia
361 2102 505 2178 sexaginta
522 2103 605 2162 milia
614 2103 779 2177 hominum,
806 2106 935 2181 armalsef

89 2183 220 2258 bellique
232 2181 319 2241 totius
331 2179 434 2255 primas
446 2179 595 2255 sibipartes
608 2180 774 2255 exposcere·
789 2184 934 2258 proximos

91 2256 308 2325 effeSuelliones
318 2253 594 2333 amplissimosatque
604 2256 847 2337 uberrimosagros
861 2263 933 2324 ⁴in·.

90 2339 197 2402 colere.
237 2354 292 2395 eos.
305 2332 407 2397 habere
429 2334 634 2411 quinquaginta
651 2335 731 2394 milia
748 2354 932 2402 matonam·

91 2413 215 2481 totidem
227 2412 353 2472 Nervios
365 2412 496 2472 omnium
509 2409 701 2484 ferociffimos,
709 2413 867 2476 Attrebnes
877 2438 932 2479 au·.

92 2509 153 2552 tem
166 2487 334 2567 quindecim
345 2489 435 2560 milia,
453 2488 609 2548 Ambianos
619 2486 718 2555 decem
728 2491 814 2566 milia,
822 2541 825 2544 .
833 2493 933 2556 Mori·

92 2566 411 2703 suilllllllllll
424 2564 827 2708 Blialllllllzllllel
839 2575 934 2710 llll·

93 2723 219 2796 reliquos
231 2719 338 2792 aliquot
352 2716 471 2792 populos
482 2719 532 2792 qui
545 2719 678 2779 Germani
691 2720 775 2783 effent
793 2685 934 2786 cientes

93 2817 165 2857 uum
178 2795 359 2871 quadraginta
372 2795 459 2854 milia.
478 2796 646 2870 Horumque
657 2801 785 2860 omnium
800 2802 827 2860 8<
840 2804 927 2862 totius

93 2874 164 2947 belli
184 2872 295 2942 ducem·
310 2871 456 2938 consensu,
466 2872 590 2948 publicet
603 2872 754 2942 delellum
768 2876 780 2908 ⁶
803 2880 935 2939 Galbuna

836 2974 926 3037 quen·

499 3076 528 3105 ι*
559 3090 582 3133 ⁴·
598 3077 667 3131 Lege,
681 3072 804 3118 iam-lenm„

509 3079 530 3246 ἱ
560 3153 580 3191 5·
596 3140 663 3194 Ll'sse,
678 3136 777 3203 quim*
823 3189 830 3201 .

538 3209 548 3244 3„
560 3207 581 3248 ⁶,
595 3198 661 3249 Galba
669 3193 746 3240 untur
756 3191 838 3240 ensur-
