2018 3622
201 140 241 220 de
267 139 528 233 Vitaluatt
554 135 791 222 enslin.
859 169 912 246 97

80 275 110 336 se
126 290 187 337 ante
201 275 270 335 alios
287 274 404 344 fetebat,
429 270 482 346 pili
505 269 650 330 emisfione
664 273 805 348 transfigit.
844 278 915 336 Cur-

79 370 150 414 tunt
162 370 257 414 contra
266 371 361 412 unum
374 353 382 381 ¹
395 347 511 407 milia&
523 346 642 407 cadaver
651 347 737 407 suum
748 353 843 424 clipeis
854 375 914 426 pro

78 447 216 507 tegentes,
235 427 346 489 hostem
371 428 436 493 telis
456 443 554 485 omnes
577 440 722 500 premunt,
740 427 918 502 reditumque

76 509 140 580 ejus
153 505 323 583 impediunt.
358 503 426 578 Jam
443 503 550 564 scutum
562 503 726 578 sagittamrn
737 523 795 562 una
807 506 921 576 traiece-

78 601 134 654 rat,
151 583 303 659 balteoque
317 579 440 653 laeserat,
457 576 653 656 dexteramque
672 581 708 639 ad
730 583 867 656 capulum
880 601 921 639 te-

80 657 207 719 lleslenti
220 659 351 719 obstabat.
372 657 408 717 stc
424 657 594 732 implicitum
608 656 703 717 hostes
714 672 865 734 premunt.
886 676 921 717 ae·

80 736 180 795 mulus
193 736 320 809 adjuvat,
333 735 447 812 ¹fertque
464 734 506 795 illi
526 753 613 812 quent
637 734 723 795 odisse
737 735 922 796 consueverat

79 811 229 873 auxilium.
250 813 281 872 in
295 810 380 884 hunc,
406 812 496 890 primo
508 811 617 884 omisso,
636 830 693 872 tota
708 814 781 872 acies
792 813 859 871 ruit.
879 814 922 883 ip·

77 888 109 948 se
123 888 220 950 sirisio
232 890 326 966 gladio
337 894 422 967 leque
440 889 468 950 δι
482 889 567 948 illurn
581 905 741 966 protegens,
757 911 819 949 uno
833 884 922 955 holliz

77 985 133 1027 um
144 965 247 1039 occis0,
267 987 413 1044 parumper
433 966 504 1026 alios
518 964 702 1027 submoverat.
725 967 773 1027 sed
786 967 858 1028 dum
879 987 922 1024 at-

78 1042 194 1105 dentius
213 1043 367 1117 investitur,
394 1046 411 1105 ὲ
433 1046 497 1103 loco
511 1044 608 1102 altiore
625 1045 735 1104 excidit.
755 1045 802 1104 cui
819 1045 920 1104 conse·

76 1119 145 1181 ssim
155 1121 237 1183 Pullo
247 1122 372 1195 affixit&
384 1121 515 1181 similiter
524 1121 772 1182 circumventume
785 1123 918 1183 manibus

80 1196 207 1263 hostium
215 1199 362 1274 expeditus
375 1199 404 1258 ἃ
415 1197 526 1258 nudato
538 1199 595 1270 iam
606 1197 700 1272 gladio
708 1199 878 1260 metuendus
887 1220 919 1258 e«

78 1273 177 1346 ripuit.
195 1275 233 1335 src
245 1276 321 1334 illaesi
331 1277 416 1345 ambo
425 1273 461 1333 ad
472 1273 535 1333 suos
546 1275 643 1333 multis
654 1273 781 1346 ¹hostiurn
792 1277 874 1350 caelis,
888 1277 918 1339 dt

80 1347 176 1409 adhuc
184 1351 314 1426 ambigua
325 1353 377 1411 lite
391 1350 503 1408 virtutis
514 1349 634 1408 evasere:
879 1414 882 1419 ,
907 1406 912 1415 ,

122 1424 264 1486 Caeterum
276 1443 385 1502 quanto
405 1425 496 1485 indies
510 1424 604 1484 durior
619 1423 738 1494 obsidio,
757 1423 921 1488 &vulneri-
970 1437 974 1445 '

80 1502 137 1563 bus
150 1501 285 1564 interiore
304 1502 406 1563 militia
422 1500 523 1562 afflicta
535 1499 712 1561 decrescebat
725 1520 860 1563 numerus
871 1503 921 1563 de·

81 1576 238 1652 sensorum,
257 1597 341 1658 atque
355 1577 478 1639 hostiurn
487 1578 662 1656 augebatur:
683 1594 762 1638 tanto
771 1577 870 1640 Cicero
881 1598 920 1641 at·

82 1656 190 1717 tentius
203 1657 353 1735 cogitabat,
371 1656 407 1717 de
417 1654 487 1716 statu
500 1676 595 1717 rerum
609 1656 726 1716 nuntios
737 1656 770 1715 ad
784 1656 919 1720 Casttrem

80 1732 229 1806 destinare,
248 1755 371 1813 quorum
389 1733 474 1812 aliqui
488 1734 520 1794 in
533 1732 655 1794 bostium
677 1754 776 1794 manus
788 1735 863 1812 laps,
888 1737 918 1795 δι

79 1811 132 1871 sub
145 1814 236 1873 oculis
256 1813 372 1874 suorum
384 1810 547 1872 crudelibus
574 1818 583 1843 ²
608 1810 781 1889 supplicibus
800 1813 918 1873 interse-

77 1887 127 1961 cli,
156 1891 279 1968 reliquos
289 1888 391 1952 merito
405 1907 509 1949 terrore
522 1891 742 1963 compleverant.
778 1889 920 1949 Inventus

80 1963 122 2025 est
133 1966 247 2026 tandem
260 1966 357 2025 servus
368 1985 444 2025 unus
457 1965 586 2035 bGallia,
598 1965 649 2040 qui
660 1965 787 2022 libertate
800 1967 827 2025 bc
841 1985 920 2042 tnag-

79 2042 126 2101 nis
139 2042 263 2118 praemiis
284 2039 434 2118 promissit,
449 2041 542 2100 literas
566 2042 659 2114 jaculo
681 2038 804 2112 insertas,
822 2043 921 2102 Gallus

78 2137 142 2178 non
156 2117 296 2192 suspeslus
308 2118 406 2190 Gallis,
425 2115 459 2174 ad
470 2115 605 2176 Casarem
617 2116 729 2177 detulit.
769 2117 830 2194 Qui
845 2137 878 2179 ut
888 2140 921 2178 c·

77 2210 145 2254 rant
166 2196 250 2254 rebus
263 2196 394 2272 cognitis,
413 2194 539 2269 legiones
557 2194 606 2253 fibi
626 2213 724 2253 ornnes
737 2197 919 2271 expeslandas

78 2291 139 2332 non
149 2270 318 2344 existimans,
338 2292 467 2330 nemora
488 2273 645 2345 periculum
666 2273 778 2331 allatura
795 2272 869 2345 esset,
889 2296 920 2331 e·

79 2351 187 2410 vocatis
205 2350 348 2426 proximis,
368 2349 452 2408 latius
464 2349 546 2408 ³dixit
560 2350 616 2409 cito
629 2369 695 2409 curn
710 2353 813 2423 paucis,
830 2371 916 2426 quant

80 2426 157 2486 tarde
170 2447 237 2489 cum
248 2427 347 2487 multis
358 2425 502 2500 proficisci.
542 2425 744 2487 Convenerunt
759 2428 809 2504 qui
821 2433 916 2489 vocati

83 2519 160 2564 erant
182 2524 294 2564 omnes.
333 2504 458 2563 Labieno
481 2503 630 2578 scripserat,
660 2521 691 2563 ut
711 2503 731 2561 st
756 2501 915 2580 reipublicae

80 2581 235 2642 commodo
248 2577 335 2657 posset
352 2579 387 2639 ad
401 2581 429 2641 se
443 2581 560 2640 veniret.
599 2581 651 2639 Ille
664 2579 806 2655 rescripsit,
825 2587 916 2659 legio·

78 2657 169 2720 nis&
189 2661 348 2735 legatorum
360 2657 434 2732 caede
455 2657 577 2717 sublatos
597 2659 705 2731 animos
731 2657 865 2730 hostium,
886 2664 915 2722 bc

80 2754 195 2796 omnem
207 2735 371 2812 potestatem
378 2732 567 2794 Trevirorum
580 2734 614 2790 ad
633 2737 685 2793 tria
699 2737 774 2795 milia
789 2738 913 2812 pall'unnr

78 2812 110 2870 in
121 2813 204 2873 armis
214 2811 285 2872 else:
306 2813 324 2870 sr
339 2810 464 2871 discedat
475 2810 530 2870 hoc
543 2811 574 2870 in
588 2804 667 2883 statu,
694 2832 752 2872 non
765 2817 916 2888 prosectio-
996 2817 998 2820 ’

79 2908 159 2962 nem,
177 2888 223 2948 sed
235 2889 333 2963 fugant
345 2887 438 2962 potius
452 2887 545 2949 visum
557 2886 608 2962 iri,
622 2908 679 2950 nec
692 2908 819 2964 praterea
830 2895 913 2953 literar

80 2966 135 3026 iter
151 2966 391 3040 vacatepericulo.
480 3019 483 3025 .
757 3005 760 3009 -
823 3034 827 3040 ,
893 3008 897 3019 .

171 3082 174 3087 ·
507 3042 522 3103 I
789 3113 793 3120 .
829 3041 915 3101 Casas
966 3105 968 3109 ⁸

115 3149 297 3204 1.Ltge,mr'slc.
444 3186 449 3195 ,
546 3165 556 3203 3
587 3151 655 3210 fige,
671 3151 739 3198 duxlt.
764 3180 768 3188 ·
801 3182 804 3201 ,
829 3168 851 3195 ,ν
879 3177 883 3183 -
916 3198 918 3202 Α

114 3229 135 3260 a·
152 3211 336 3276 Ltgt‚suppliciis.
571 3268 574 3273 4
722 3262 725 3267 .
758 3258 760 3263 ,
816 3240 851 3268 ι--·ι
878 3254 881 3259 -
