2024 3630
106 161 185 239 166
323 150 356 246 J.
372 143 473 229 Celsi
490 150 746 227 commentarii

95 287 174 345 {lum
187 282 315 345 cladibus
328 279 458 343 affecisset
468 278 610 350 maximis,
629 298 704 355 quos
717 296 820 344 tamen
836 284 898 349 vinc

96 362 137 421 do
150 381 182 420 ac
193 360 340 431 vallando,
359 362 397 420 ita
411 358 459 418 fibi
471 357 582 417 virtutis
597 357 795 418 admiratione
817 361 898 425 devia

96 439 147 507 rir,
159 438 292 513 utusque
304 435 509 572 inlfaesmm
524 435 601 494 diem
616 436 831 509 gubernatores
842 441 898 517 imp

98 514 200 590 (quod
214 517 249 577 ad
263 534 310 573 eos
359 535 393 574 eo
407 532 506 572 vereor
520 510 676 583 descendit,
696 530 734 571 ut
748 516 869 589 rueret)
885 540 898 576 r

97 594 155 650 alio
168 611 252 669 quarn
267 590 380 650 Celeris
404 590 522 650 nomine
543 589 673 649 vocitent
695 592 817 666 vulgari
841 596 898 653 inl

97 688 204 727 mone:
225 689 291 728 cum
314 668 507 728 &Britannos
529 666 656 728 {imiliter
679 665 898 745 subjugalletR

97 765 236 821 numque,
255 746 425 821 neamplius
446 746 527 803 limes
547 742 623 813 effet‚
643 759 734 818 arque
751 745 851 821 ipsum
865 750 898 809 eri

101 828 109 853 ¹
125 822 259 882 docuillet
272 821 423 881 Oceanum
431 846 439 890 ;
466 822 555 879 multa
567 819 595 878 δι
608 836 718 896 magna
731 824 852 898 agendo
863 844 898 903 an

98 899 240 971 audendo,
261 901 415 960 multorum
429 899 457 957 δι
468 915 639 973 magnorum
653 898 685 956 in
712 899 859 961 invidiam
877 904 898 961 ir

98 978 151 1036 dit.
190 976 223 1034 Ο
240 977 406 1035 mortalium
423 975 531 1051 semper
544 972 682 1032 laboriosa
702 977 850 1052 conditio,
873 980 898 1039 fe

97 1074 145 1125 per
158 1052 288 1129 dispofira
301 1055 348 1112 vel
357 1052 550 1127 contemptui,
561 1052 608 1109 vel
621 1050 746 1111 invidiae
755 1054 897 1127 subjacere

134 1129 219 1187 Erant
232 1129 331 1187 Romae
343 1130 427 1188 multi
442 1129 498 1187 viri
510 1129 652 1204 ingentes,
671 1146 796 1205 quorum
817 1130 897 1209 quifi

96 1204 145 1264 sibi
157 1206 280 1281 primum
292 1206 390 1266 locum
402 1207 498 1285 gloria
509 1203 682 1265 vendicaret.
722 1204 898 1269 Interimoar

96 1283 164 1343 alios
183 1283 309 1360 Magnus
319 1283 449 1354 nomine,
467 1301 499 1341 re
510 1296 607 1341 autem
620 1280 769 1344 maximus
778 1282 898 1362 Pompei¹

96 1362 144 1420 tui
156 1360 243 1421 Caesar
253 1378 286 1420 ut
297 1361 422 1421 amicum
434 1361 516 1420 illum
534 1359 585 1419 sibi
598 1358 714 1429 faceret,
732 1359 821 1423 filiam
828 1358 898 1437 Jullr

97 1438 234 1513 optimam
248 1439 276 1500 δι
289 1438 343 1498 viri
356 1435 566 1499 amantiffimam
578 1435 742 1498 collocavit.
762 1436 811 1498 secl
823 1438 859 1499 ad
875 1458 898 1499 o

96 1533 147 1575 um
161 1536 261 1589 pronas
273 1534 383 1577 mentes
395 1516 431 1575 ad
451 1513 603 1575 amicitiam
627 1511 799 1589 detorquere
812 1514 898 1577 difflci

83 1594 189 1650 ualere
207 1607 305 1652 tamen
317 1608 427 1667 poterat
438 1591 474 1650 ad
487 1591 628 1667 publicam
651 1610 761 1666 pacem,
779 1592 802 1651 ll
812 1608 865 1654 aut
876 1592 898 1669 ir

94 1663 214 1737 vixiffet,
243 1682 294 1727 aut
315 1683 489 1744 conceptum
508 1666 602 1729 subita
623 1664 851 1731 consternatione
871 1690 898 1731 ru

85 1738 234 1802 'estlrdiffet
252 1742 391 1805 abortum.
423 1741 528 1820 Junxit
544 1742 646 1807 &alio
663 1742 731 1806 nim
741 1740 792 1803 srbi
803 1742 898 1832 Pomp

92 1816 155 1889 jum
167 1815 263 1893 Cesar,
286 1817 518 1899 priusquam'iret
531 1821 565 1883 in
583 1820 696 1883 Gallina
711 1818 741 1881 ἃ
763 1834 796 1879 ut
807 1819 898 1897 gluttu

90 1890 230 1957 lbbiliore
240 1887 431 1969 consisterent,
449 1894 584 1961 Marcum
596 1894 777 1971 Cnllumipsr
784 1894 898 1987 Pompei

91 1971 108 2032 al
127 1990 185 2052 quo
205 1975 295 2035 veteri
307 1973 378 2035 odio
397 1972 552 2047 diffidebat,
569 1974 774 2037 reconciliavit.
789 1990 826 2035 ut
836 1974 898 2037 tnu

91 2049 298 2125 potentillimis,
316 2054 399 2113 nullo
419 2053 561 2112 contrario
576 2052 645 2112 auso
658 2053 787 2113 Romana
800 2050 898 2129 Respul

89 2127 155 2200 lica,
167 2126 194 2187 δε
206 2149 254 2206 per
266 2129 439 2207 consequens
450 2145 526 2188 torus
539 2129 616 2188 orbis
627 2128 838 2206 obsequeretur.
857 2136 866 2161 ‘
880 2150 898 2189 ar

88 2203 154 2261 sane
165 2224 362 2265 commentum
381 2207 451 2265 rude
464 2208 509 2265 vel
524 2212 532 2245 ³
547 2205 777 2266 insulliffimum:
810 2205 859 2267 sed
870 2207 898 2267 fu

88 2296 157 2338 tuna
171 2299 250 2338 more
262 2280 314 2339 suo
326 2298 420 2342 rotans
433 2302 475 2341 res
493 2282 641 2354 humanas,
663 2283 763 2342 omnia
780 2283 817 2343 ad
836 2304 898 2343 unru

88 2357 272 2415 devolvebat.¹
288 2356 315 2414 δι
331 2351 460 2435 Pompeii
470 2358 588 2437 quidem
601 2359 710 2419 auxilio
721 2361 849 2433 primum
862 2360 898 2421 Gr

88 2432 153 2490 liant
177 2434 413 2508 atquelllirieum
426 2437 603 2513 provinciam
615 2436 747 2516 adeptus,
767 2458 836 2498 mox
860 2457 898 2497 cu:

87 2508 119 2567 L.
132 2508 277 2571 Domitius
301 2512 453 2574 consularis
477 2513 642 2574 candidatus
667 2513 834 2585 minaretur,
851 2513 898 2575 sia

86 2588 263 2650 consulatum
276 2591 442 2666 perveniret,
467 2591 496 2650 δε
518 2590 719 2668 inquiliturum
735 2609 832 2651 contra
844 2611 898 2649 eun

86 2665 116 2723 br
134 2666 183 2726 libi
209 2672 345 2728 exercitus
369 2670 588 2744 adempturum<
609 2666 695 2743 ipfius
712 2686 827 2745 quoque
840 2665 898 2727 Pon

83 2744 150 2812 peji,
169 2744 250 2803 timul
264 2746 291 2804 bc
306 2746 398 2805 Marci
420 2743 502 2805 Craffi
526 2765 620 2820 opera,
643 2743 672 2804 δι
696 2743 886 2806 adversarium

83 2818 231 2878 conlirlaru
246 2824 356 2894 repulit,
377 2824 406 2881 δι
419 2821 544 2882 obtinuit
555 2821 605 2881 fibi
625 2821 783 2897 imperium
798 2823 831 2883 in
843 2824 898 2903 quir

81 2896 239 2965 quennium
255 2900 403 2973 prorogari.
423 2900 526 2976 quibus
545 2898 670 2959 obtentis
684 2918 720 2957 eo
744 2899 861 2959 fiducia:
883 2919 898 2959 e

82 2970 203 3044 everius,
222 2989 254 3032 ut
265 2974 322 3046 jam
336 2974 409 3035 nihil
419 2975 593 3040 fibicredens
604 2974 776 3051 impoffibile
792 2978 820 3039 δι
834 2978 898 3053 legit

868 3074 898 3116 nr

116 3172 133 3199 ι.
150 3158 213 3217 lege.
224 3159 331 3237 «inmurffit.
471 3156 494 3253 Ι
537 3178 557 3223 3.
572 3168 646 3221 Forte,
660 3161 759 3225 Mulsum
777 3164 832 3219 Ῐιιιὲἰ

114 3236 122 3267 i
148 3222 212 3283 Lege,
230 3227 292 3275 tund.
646 3238 649 3243 '

66 3362 166 3408 fh
