2018 3622
81 161 161 246 234
290 135 328 242 J
353 116 460 220 Celfi
490 141 774 231 commentarii,

78 288 140 331 tarn
151 269 302 346 superbus,
320 269 435 329 diurnis
446 269 563 331 latebris
585 267 727 330 nouurna
749 269 824 346 fuga
838 267 919 335 deviis

77 345 255 424 sylvosn'que
278 347 455 417 tramitibus,
474 343 558 405 suum
579 346 651 407 olim
665 345 701 405 ad
715 367 849 425 regnum,
866 369 919 429 reg·

78 425 172 500 nique
195 439 284 499 caput
296 421 415 483 Zamam
428 421 551 500 opidum
573 416 751 499 pervenerat,
771 424 826 485 ubi
840 427 919 486 larem

79 500 274 577 precipuum,
293 500 451 575 uxoresque
478 499 506 557 δι
532 497 650 560 filios&
665 498 833 562 thesaurum
847 501 920 563 habe·

80 578 140 647 bat,
158 576 353 655 palatiumque
375 577 419 637 ibi
443 573 716 654 sumptuonsfimum
729 594 866 641 erexerat.
883 578 921 638 ibi

84 671 155 714 vero
168 652 258 715 homo
271 649 443 722 vanissimus,
464 655 516 729 qui
542 673 649 731 magna
667 653 818 731 principia
830 657 921 732 praci-

83 732 210 807 pitanter
236 732 456 819 ampleraretun
475 749 570 807 neque
597 731 693 791 exitus
712 732 877 804 metiretur,
895 734 924 792 in

83 805 148 882 ipso
160 807 232 868 belli
244 807 392 883 principio
405 805 537 867 adversus
556 804 693 871 Caesarem
706 810 860 869 temerarie
872 806 926 869 sus.
961 800 965 835 *-

38 929 40 933 a
83 886 170 960 cepti,
189 884 339 959 ingentem
366 883 515 961 lignorum
547 903 649 959 pyram
662 884 759 945 media
768 884 847 950 urbe
859 906 923 946 con·

84 955 211 1035 gesserat,
230 977 265 1019 ut
286 960 306 1020 sr
328 961 405 1023 bello
430 957 631 1028 succubuisset,
651 979 753 1020 omnes
768 960 836 1027 illic
855 963 925 1025 cives

82 1035 163 1095 ferro
174 1033 260 1095 caesos
271 1035 444 1171 imlponeter,
464 1053 549 1114 atque
562 1037 602 1099 ita
612 1033 757 1099 submiffis
769 1037 924 1118 ignibus&

84 1109 201 1171 accensa
214 1130 285 1189 pyra
320 1132 335 1168 e
359 1113 388 1172 δι
402 1110 486 1186 filios,
505 1132 680 1190 omnemque
693 1110 861 1177 thesamum
883 1114 926 1175 su·

84 1186 250 1264 perjacerer,
269 1204 303 1245 ut
315 1188 353 1248 fic
365 1189 465 1248 omnia
477 1200 682 1261 cremarentur,
699 1211 799 1270 neque
823 1191 859 1257 de
870 1189 925 1254 sor·

84 1265 163 1324 cunis
182 1261 239 1325 suis
258 1262 295 1322 ad
317 1263 487 1327 Caesarem¹
514 1265 594 1330 aliud
619 1269 798 1343 perveniret.
814 1268 850 1333 id
877 1268 926 1331 fibi

87 1339 240 1401 ernfilium
264 1337 376 1401 fortasse
396 1340 587 1420 magnificum
600 1344 760 1409 videbatur.
804 1346 850 1408 At
873 1342 925 1407 Za·

88 1418 239 1490 mensibus,
259 1418 287 1478 δι
304 1417 459 1496 praesertim
471 1420 608 1481 Caesarem
628 1423 805 1495 amantibus,
825 1419 924 1483 merito

87 1514 150 1555 non
163 1495 303 1571 placebat,
323 1514 412 1571 eaque
425 1515 470 1556 res
490 1497 604 1557 civibus
615 1498 704 1559 illurn
721 1498 782 1558 suis
796 1497 925 1561 odiosrsii·

87 1589 171 1635 mum
184 1571 323 1632 effecerat.
340 1576 531 1648 nequeenim
541 1575 630 1635 unius
651 1573 781 1637 hominis
802 1576 926 1654 despera·

86 1647 140 1713 tio,
156 1648 214 1708 uni
235 1667 341 1724 magno
354 1650 466 1727 populo
482 1649 631 1713 excidium
659 1652 814 1729 publicum
830 1656 926 1717 efferre

88 1721 229 1822 debuerat
238 1746 252 1817 ε.
266 1743 324 1818 nee
331 1726 384 1818 illa
399 1725 518 1821 quidem
529 1727 591 1809 sole
598 1727 700 1810 iniqui
708 1729 830 1821 'consilii
849 1729 928 1805 causa

88 1857 157 1911 erat,
177 1858 224 1897 reu
245 1852 378 1897 motura:
411 1850 467 1911 qua
479 1822 621 1909 impulsus
638 1851 687 1893 rex
705 1824 853 1906 immanis,
871 1850 927 1893 non

89 1917 210 1977 rit-iores
222 1913 310 1975 modo
324 1910 467 1976 consueris
478 1911 546 1972 belli
570 1912 711 1991 praemiis;
733 1908 780 1970 sed
811 1910 875 1972 suos
888 1912 928 1971 vi·

89 2013 119 2053 ra
132 1995 251 2071 spoliare
263 1992 437 2062 decreverat,
458 1991 533 2068 quast
559 2007 608 2048 eos
631 1985 694 2066 post
707 1986 736 2046 se
747 1988 845 2048 vivere
855 1988 927 2062 judi·

90 2090 167 2131 caret
179 2069 327 2149 indignos.
349 2068 429 2147 quod
442 2087 502 2125 non
524 2065 621 2125 dicam
640 2064 676 2123 de
690 2063 813 2126 subditis
825 2065 927 2135 liberis,

88 2159 101 2184 ²
113 2166 211 2208 tamen
224 2147 392 2206 hominibus
404 2168 411 2215 ς
433 2143 480 2202 sed
492 2143 621 2204 deservis
633 2143 720 2202 etiam
739 2141 928 2203 inhumanum

90 2224 205 2300 prorsus
231 2223 377 2299 judicium
399 2240 432 2279 ac
452 2219 607 2297 superbum
621 2217 693 2279 esset.
733 2218 800 2280 Hac
814 2239 884 2298 ergo
896 2218 928 2277 de

89 2300 172 2360 causa
186 2301 247 2358 ‘ute
260 2301 375 2377 optimo
385 2295 444 2356 suis
456 2298 592 2356 omnibus
605 2294 714 2356 invisus
727 2313 797 2357 erat.
819 2298 848 2357 dc
873 2297 929 2357 for·

89 2395 161 2436 tuna
172 2320 225 2435 dbi
251 2376 284 2434 in
303 2374 438 2434 omnibus
460 2372 632 2447 adversante,
652 2372 723 2434 odio
738 2392 855 2452 quoque
867 2394 930 2435 con·

89 2469 219 2534 temptor
240 2448 396 2522 accesserat,
428 2447 473 2509 his
495 2450 610 2511 duobus
631 2447 756 2528 pessimis
776 2452 932 2512 comitibus

90 2546 159 2592 cuna
178 2530 212 2592 ad
232 2529 355 2608 opidum
369 2525 547 2604 pervenisset,
567 2542 604 2588 ut
617 2526 820 2609 admitteretur
839 2527 876 2587 ad
888 2527 931 2587 su-

92 2631 123 2670 os
137 2627 251 2685 penates
274 2608 302 2667 δι
323 2607 388 2667 suos
405 2604 520 2679 liberos,
539 2605 701 2676 minaciter,
722 2602 785 2681 post
799 2602 934 2666 flebiliter

92 2706 180 2765 atque
207 2683 376 2763 suppliciter
396 2697 510 2761 petens;
545 2703 616 2742 cum
636 2698 773 2742 neutrum
796 2679 933 2754 valuisset,

92 2783 174 2821 orare
200 2764 308 2822 institit
330 2777 365 2820 ut
388 2779 492 2820 uxores
518 2759 570 2819 srbi
590 2757 687 2818 saltem
701 2757 807 2817 suasae
819 2760 933 2830 liberor,

90 2840 189 2913 aliquo
202 2854 342 2897 terrarum
354 2835 537 2897 abducendos
548 2836 709 2896 redderent.
742 2837 880 2915 Cumque
899 2856 933 2896 ne

91 2915 123 2973 id
139 2912 257 2988 quidem
270 2913 322 2972 srbi
335 2913 562 2987 permitteretur,
583 2919 593 2956 ³
607 2931 644 2971 ne
669 2910 705 2970 ad
719 2913 802 2972 aliud
816 2914 934 2992 respon·

91 2989 215 3062 deretur,
232 2986 429 3066 desperatione
449 2989 555 3049 ultima
567 2985 704 3066 digressus
726 2985 821 3050 surdis
832 2990 849 3049 ὲ
861 3011 935 3051 rnoe·

119 3082 122 3086 '
840 3067 934 3141 nibus,

130 3181 140 3214 1
164 3167 241 3226 Forte,
258 3160 345 3223 aliquid.
501 3159 598 3246 ltamen
607 3160 724 3208 ominibus.

126 3246 147 3295 a.
161 3233 229 3294 Lege,
241 3226 278 3299 [ed
288 3228 314 3277 de
326 3225 396 3288 struis
412 3227 489 3280 aaran,
556 3238 577 3279 a.
597 3227 666 3288 Lege,
682 3234 746 3290 mgna
757 3226 827 3279 alind.
