2018 3622
176 125 317 208 deuio
343 126 475 234 Jurn
503 121 756 220 CAEsAllls·
842 148 922 231 239

86 255 115 317 bi
129 253 340 318 novillimum¹
354 256 424 317 belli
444 271 550 317 actum
570 256 695 318 minime
710 259 924 338 negligendum

70 333 281 405 >ratusCaesar3
301 353 337 393 eo
350 333 456 409 raptim
469 330 675 411 proficiscitur.
704 333 765 396 duo
777 337 809 395 in·
823 337 877 399 hoc
900 338 926 397 i·

82 427 126 470 ter
137 411 187 470 vix
198 411 301 472 ruditu
313 410 466 471 credibilia
477 408 654 472 inciderunt.
683 431 751 472 nam
765 412 793 472 δι
806 413 839 471 ab
852 414 922 473 urbe

83 485 178 548 Roma
189 491 222 548 in
233 485 407 563 Hispaniam
412 487 581 548 ulteriorem
593 486 768 549 immensum
778 505 858 549 terrae
864 489 882 546 s
878 509 927 564 pa·

82 563 161 625 tium
185 562 326 637 emensus,
348 585 430 624 1111.
449 562 537 625 &xx
564 563 613 625 die
625 567 781 642 pervenit:
809 564 926 636 viatori,

82 662 119 702 ne
131 640 230 702 dicam
242 640 397 713 exercitii,
407 640 535 702 celeritas
546 640 681 719 optanda.
694 660 835 718 magnum
846 641 902 700 hoc
917 664 925 699 :

83 718 164 796 quod
177 717 307 796 sequitur
320 719 421 794 majus.
440 715 546 779 horum
573 717 713 794 siquidem
730 735 789 778 tam
816 737 926 795 pauco·

82 814 151 854 rum
160 794 254 871 spatio
264 793 389 865 dierum,
419 810 481 854 tom
499 794 605 856 multas
630 795 706 856 inter
725 813 806 855 curas
819 804 925 871 poema

81 868 203 948 scripsit,
224 871 304 947 quod
318 870 480 948 inscripsit:
501 879 563 930 lter.
581 872 662 950 quod
676 870 751 932 illud
764 871 876 933 scilicet
893 873 925 931 in

82 948 190 1009 itinere
205 946 343 1013 edidisset.
363 949 400 1010 sic
411 947 539 1017 Pierides
547 949 636 1009 armis
650 948 784 1021 inserere,
805 949 834 1011 δι
849 969 925 1013 nun·

82 1044 171 1103 quam
185 1026 297 1086 otiosus
310 1021 364 1085 esse
374 1025 524 1086 didicerat.
906 1090 909 1094 Α

123 1102 227 1162 Primo
238 1101 354 1164 Cesaris
374 1102 407 1162 in
419 1100 589 1181 Hispaniam
612 1100 750 1176 adventu,
769 1104 925 1167 civitatum

82 1195 184 1238 motus
196 1180 298 1259 ingens
308 1179 376 1240 fuit.
396 1178 528 1256 undique
540 1181 629 1256 legati
642 1181 678 1241 ad
691 1199 768 1253 eum,
787 1181 923 1257 undique

81 1256 249 1334 transfugo.
283 1255 352 1332 Janr
362 1257 441 1315 enim
453 1264 466 1292 ²
482 1256 519 1316 ad
531 1257 698 1333 Pompeiani
710 1260 836 1334 juvenes,
867 1260 925 1319 sive

79 1331 114 1391 in
125 1332 228 1392 odium
239 1331 295 1392 five
309 1333 341 1392 in
356 1333 479 1393 taedium
491 1348 602 1392 vertere
617 1351 775 1412 coeperanr,
789 1336 817 1395 δι
831 1352 866 1395 ut
877 1336 925 1394 ul·

80 1408 110 1468 la
121 1407 188 1470 esset
200 1409 234 1468 in
246 1410 287 1471 eis
300 1411 394 1486 culpa,
412 1420 481 1470 mos'
499 1407 539 1470 est
549 1409 788 1485 tamenantiquus
800 1411 926 1487 populo·

80 1505 160 1558 rum,
179 1485 290 1566 semper
302 1507 395 1547 novos
409 1485 554 1557 dominos,
587 1505 676 1548 novas
703 1505 747 1544 res
758 1503 868 1562 optare.
889 1485 920 1549 &

78 1561 159 1623 sama
172 1562 290 1625 Cesar-is
300 1562 378 1623 haud
390 1564 538 1624 immertio
551 1560 636 1640 super
645 1583 745 1624 omnes
751 1579 924 1637 exereverat,

80 1657 116 1701 ut
140 1642 265 1704 universi
278 1640 413 1705 homines
422 1642 485 1718 ejus
502 1640 655 1721 splendore
674 1658 855 1721 caperentur,
871 1660 926 1730 ,eu-

79 1734 241 1792 ruentque
255 1727 266 1771 ³
279 1737 375 1791 seran
387 1740 513 1808 cenare,
532 1739 620 1788 ouem
631 1719 721 1812 usque
733 1719 928 1791 adeomittbe

82 1802 141 1875 lem
155 1811 320 1875 audiebant.
363 1811 400 1872 In
421 1809 477 1872 hoe
492 1802 652 1891 principio,
672 1811 735 1889 ipso
747 1813 834 1875 maris
846 1811 879 1875 in
893 1834 926 1875 ou

80 1887 146 1965 llio,
166 1891 220 1950 ubi
229 1888 362 1951 Oceanus
372 1890 456 1950 terris
467 1888 609 1963 illabitur,
637 1890 667 1949 ἃ
680 1889 923 1954 mediterraneum

79 1967 136 2028 hot:
157 1969 274 2046 pelagus
298 1965 429 2026 nostrum
440 1967 537 2042 parit;
573 1967 650 2025 inter
663 1968 772 2044 legatos
796 1970 923 2028 invicem

79 2047 219 2125 partium,
240 2041 308 2101 hinc
322 2042 457 2114 Didium,
493 2042 576 2102 illinc
589 2041 712 2113 Varum,
733 2045 923 2104 &ambobus

78 2141 151 2180 cum
166 2121 176 2178 i
199 2119 226 2178 sa
241 2116 406 2196 tempestate
417 2133 558 2179 certatum
570 2117 617 2178 est.
650 2138 703 2177 nec
712 2121 809 2180 minus
824 2121 839 2178 l
854 2141 924 2180 ven·

77 2199 157 2259 tis&
172 2140 307 2257 lintribus
320 2217 405 2273 quam
419 2197 454 2254 ab
468 2193 598 2256 hostibus
619 2195 743 2274 periculi
758 2213 844 2276 atque
855 2196 923 2256 hor·

79 2276 165 2348 roris,
185 2274 257 2334 dum
272 2275 301 2334 δι
315 2272 383 2334 binc
396 2271 488 2332 hostes
497 2270 637 2343 saevirent,
670 2271 699 2331 δι
714 2273 797 2334 illinc
819 2273 925 2336 saeviti·

78 2372 125 2412 am
140 2353 304 2430 rabiemque
330 2351 482 2410 hominum
512 2352 602 2410 maria
614 2367 782 2412 coercerent
800 2368 924 2428 utraque

79 2427 163 2488 classe
190 2430 267 2488 bello
280 2427 362 2489 srmul
380 2428 408 2487 δι
422 2426 576 2505 naufragio
589 2428 745 2500 laborante,
778 2427 846 2489 dun
857 2450 937 2508 par·-

78 2520 131 2576 tes,
150 2505 210 2565 duo
222 2504 321 2578 maria,
343 2505 450 2581 duplex
463 2505 558 2577 furor,
584 2503 645 2564 duo
658 2506 866 2566 elementorum
880 2522 922 2568 at·

79 2581 306 2660 quehominum
321 2581 462 2658 procellae.

116 2660 169 2718 Per
178 2657 230 2719 hos
251 2659 341 2720 diesi
356 2656 520 2719 Caesarianis
543 2654 604 2716 duo
627 2652 738 2736 pedites
760 2654 835 2734 capti
855 2656 924 2742 sunt

79 2735 132 2811 qui
147 2734 175 2794 se
187 2733 281 2795 servos
291 2736 430 2797 dicerent.
449 2755 511 2797 non
524 2735 612 2794 licuit
622 2737 653 2794 in
668 2730 713 2792 bis
722 2732 826 2796 Coesari
840 2735 920 2801 suam

78 2809 320 2874 consuetudinem
332 2813 450 2875 servare.
471 2828 625 2888 antequam
655 2809 690 2869 ad
706 2830 771 2872 eum
783 2813 922 2876 duceren-

77 2905 136 2959 tur,
157 2889 237 2967 quod
257 2891 447 2952 iCaesariano
471 2888 602 2950 exercitu
626 2887 738 2950 transfu
760 2888 850 2963 issent,
872 2914 923 2952 re·

78 2968 205 3046 cogniti,
225 2968 254 3029 &
271 2968 443 3031 imilitibus
453 2963 600 3029 interferri
627 2964 715 3027 sunt:
736 2909 765 3032 ἒς
787 2969 921 3030 tabellio.

869 3064 920 3107 nes

121 3155 140 3188 ι.
152 3142 223 3198 Lege,
241 3139 322 3186 bellum.
559 3153 579 3195 3.
597 3141 666 3202 Lege,
681 3152 758 3190 coram.

122 3219 145 3253 a·
159 3199 249 3251 Videtur
257 3200 374 3254 delendum
386 3203 422 3252 ad.
491 3159 505 3265 f
