2024 3630
169 86 489 184 delsitaJucrr
520 82 766 167 Cnssnrs.
857 106 910 177 27

66 219 160 296 visset,
180 223 209 284 dc
225 224 304 285 omni
324 223 377 283 suo
389 225 568 286 incremento
581 241 642 281 non
654 223 769 283 rudioris
788 219 913 283 indam-

68 321 147 362 num
163 300 260 375 modo,
280 300 330 360 sed
351 320 423 377 pene
447 301 479 361 in
500 298 656 375 perniciem
677 297 744 358 usur
757 297 829 357 esser·
854 318 911 359 nec

66 394 214 453 praeterea
243 377 400 455 quidquam
423 397 529 455 negans
542 377 676 437 omnium
689 394 751 450 quae
768 376 785 433 d
804 372 908 435 Caesrre

65 454 242 524 dicerentur,
267 475 327 532 quo
338 452 473 515 confessus
487 455 600 515 veniam
614 452 726 514 facilius
747 450 909 513 inveniret:

65 531 117 590 sed
131 548 200 591 nota
214 533 266 591 sibi
280 530 377 591 dicens
400 533 503 604 omnia,
530 531 615 609 seque
640 551 677 590 ex
701 528 746 589 his
770 524 911 597 dolorem,

65 624 193 683 quantus
205 609 266 666 ulla
278 607 314 667 de
327 628 356 667 re
368 609 428 685 capi
448 629 572 687 unquam
612 605 691 679 osset,
715 606 746 666 dc
759 621 856 677 capere
881 604 912 663 dc

67 680 181 758 cepisse.
214 683 329 745 tandem
350 686 519 764 'singulares
542 688 579 747 ob
592 686 712 757 etrabat,
737 700 773 742 ut
795 678 912 767 fratrem

67 760 121 819 sibi
135 762 367 838 qualitercunque
376 766 508 825 meritum
518 764 738 835 condonarer,eo
750 755 913 837 presertim,

66 857 131 914 quo
144 839 259 911 publice
271 857 334 916 erga
345 840 372 901 se
382 844 500 919 cognito
511 840 623 903 Caesaris
633 840 745 911 affeetu,
765 833 858 914 siquid
879 834 913 895 in

67 934 140 975 eum
154 913 320 977 statueretur
343 917 472 994 asperius,
494 924 503 948 ²
522 919 596 979 nulli
607 918 639 978 in
650 919 780 979 animum
797 910 911 972 veniret

66 992 129 1053 sine
139 992 225 1069 ipsius
236 992 404 1063 conscientia
414 995 522 1055 fastum
536 994 595 1055 esse.
615 1016 676 1074 qure
684 992 805 1070 suspicio
813 988 912 1051 omni·

64 1089 119 1130 um
143 1072 264 1147 populos
291 1069 449 1134 Galliarum
482 1070 531 1133 sibi
555 1070 737 1133 vehementer
762 1070 909 1139 alienaret,

15 1211 20 1215 ,
66 1146 160 1208 visitis
170 1150 254 1209 amici
269 1150 404 1227 lacrymis
417 1147 514 1221 Cesar,
537 1166 643 1224 arrepta
654 1151 715 1224 ejus
728 1149 840 1209 dextera
851 1162 910 1205 tre·

66 1222 170 1296 pidum
184 1225 380 1301 moestumque
399 1224 545 1287 consolans
563 1226 772 1302 Dumnorigem
792 1220 908 1282 arcessit.

69 1300 100 1358 8<
118 1301 251 1375 praesente
265 1302 350 1360 fratre
361 1302 440 1379 quod
453 1302 638 1377 egerit‚quod
648 1306 764 1361 molitus
775 1301 817 1369 fit,
828 1305 838 1337 ³
848 1318 912 1383 om·

69 1376 118 1433 nis
132 1394 249 1435 conatus
264 1378 325 1450 ejus
337 1377 365 1436 se
385 1374 458 1452 posl'e
472 1377 626 1451 profitetur.
657 1378 762 1435 indicia
782 1388 911 1447 exponit,

69 1451 163 1510 scelus
190 1467 334 1526 aggravat,
354 1452 499 1527 perfidiam
521 1451 681 1512 detestatur.
712 1452 781 1529 quid
804 1450 853 1508 ille
877 1447 911 1506 sit

70 1528 203 1589 meritus.
218 1527 287 1604 quid
299 1526 358 1604 ipse
371 1529 406 1588 de
418 1528 470 1589 illo
482 1530 513 1590 in
523 1530 620 1590 animo
634 1537 646 1569 ⁴
659 1524 752 1600 habet}
762 1530 833 1589 clare
847 1522 915 1583 edo·

70 1622 127 1666 cet.
161 1604 196 1663 ad
210 1603 381 1679 postremum
392 1609 489 1669 omnia
501 1607 530 1668 se
551 1629 611 1668 non
624 1604 685 1679 fibi,
704 1606 751 1668 sed
774 1622 912 1685 germano

69 1682 136 1760 ejus
148 1680 288 1749 remisisse,
302 1683 405 1745 hortari
423 1704 457 1745 ut
468 1685 601 1763 deinceps
620 1684 648 1745 se
668 1707 727 1747 non
748 1688 829 1759 culpa
851 1698 914 1741 tan·

66 1779 145 1833 tum,
165 1759 211 1821 sed
229 1760 434 1838 suspicionibus
446 1764 568 1825 liberum
581 1761 765 1841 praeservaret.
804 1762 850 1822 Sic
863 1757 913 1816 ad-

65 1839 213 1903 monitum
221 1837 357 1901 submissis
370 1841 516 1919 tacite‚qui
525 1861 625 1903 omnes
633 1842 688 1901 viri
699 1838 840 1918 gressus‚&
849 1855 910 1894 non

65 1915 160 1997 modo
169 1916 249 1995 ladius
263 1915 311 1976 sed
324 1917 409 1976 verba
425 1922 433 1957 ⁵
450 1917 574 1978 &etiam
587 1918 776 1986 observarent,
791 1912 906 1976 dimifit-

110 1996 171 2054 Sub
182 1993 240 2053 huc
252 1994 400 2055 nuntiatur
411 1993 503 2054 hostes
515 1995 549 2054 ad
561 1994 682 2053 radicem
698 1995 818 2069 proximi
833 2016 916 2059 mon-

65 2073 104 2151 tis
116 2070 183 2131 odio
195 2072 273 2131 milia
286 2068 411 2145 passuum
424 2072 440 2131 d
455 2072 592 2132 Romanis
605 2071 699 2132 castris
713 2069 807 2129 abesse.
826 2070 925 2137 Cnsar·

67 2146 225 2225 premissis,
236 2148 286 2225 qui
301 2148 409 2207 montis
420 2148 533 2209 aditum
542 2153 729 2224 explorarent,
742 2149 790 2207 ubi
805 2149 915 2216 facilem

68 2227 189 2302 accepit,
209 2222 313 2286 Titum
327 2226 485 2287 Labienum
495 2246 588 2287 unum
602 2248 636 2286 ex
647 2226 768 2286 ducibus
780 2226 835 2287 suis
847 2253 914 2295 cum

68 2320 146 2378 parte
160 2305 305 2378 copiarum
318 2304 405 2364 nosbu
417 2303 510 2365 castris
523 2306 639 2376 emittit,
663 2305 692 2363 dr
705 2304 810 2365 montis
830 2314 915 2371 verri·

69 2400 132 2442 cem
144 2399 283 2456 occupare
304 2382 393 2455 jubet,
412 2402 467 2441 nec
485 2383 560 2456 prius
576 2381 744 2443 descendere
757 2401 840 2459 quam
853 2390 914 2465 ipse

69 2459 107 2519 in
124 2454 221 2533 hostes
249 2457 392 2533 impetum
405 2456 518 2519 fecisset.
545 2477 623 2537 paret
635 2460 692 2519 isse.
721 2460 749 2520 δι
775 2481 843 2527 cum
856 2468 914 2543 jam

70 2535 184 2623 smnus}
199 2530 543 2622 prebendissetCaesarque
557 2537 614 2615 ipse
629 2538 712 2613 paulo
726 2537 787 2612 post
800 2540 913 2605 secutus

71 2633 133 2675 non
150 2609 207 2675 nisi
219 2611 301 2671 mille
322 2613 392 2687 quin
414 2629 495 2672 entos
508 2612 592 2691 passus
607 2614 718 2675 distaret
730 2614 923 2689 abstollitur..

72 2708 127 2751 nec
136 2688 255 2763 abillis,
279 2704 328 2749 aut
338 2689 375 2750 de
387 2629 492 2750 ἐπεῖπε
504 2711 551 2753 aut
563 2692 600 2752 de
612 2693 749 2766 Labieno,
773 2693 843 2759 ficut
863 2720 914 2776 po·

74 2756 131 2828 tia
142 2787 179 2829 ex
193 2765 312 2842 captivis
325 2769 477 2845 cognitum
487 2767 537 2843 est,
556 2768 657 2831 ‘aliud
667 2769 826 2848 sentiretur,
839 2776 915 2864 sion·

114 2920 181 2965 nu
212 2916 370 2980 ,fingulariren
453 2843 516 2907 cz
545 2935 565 2976 3.
579 2922 659 2978 Forte,
680 2937 748 2969 ennea
770 2855 916 2988 orariideliiss

117 2994 141 3026 2.
210 2993 244 3026 tur
255 2980 378 3047 legendum.
389 2984 487 3031 anisium
509 2985 528 3041 se
542 2985 597 3046 aiffa.

77 3044 100 3089 in
114 3043 209 3088 animm
219 3046 508 3226 νωνιτ,·[1κ,έρρωιιιί
543 3063 564 3105 4.
579 3052 647 3106 Lege,
662 3046 742 3105 splen.

71 3106 166 3165 scicntia
176 3106 303 3165 nossalim
312 3108 363 3174 effe,-
371 3108 423 3161 side
433 3108 487 3160 Cas.

548 3125 569 3166 ς.
585 3116 652 3176 Lege,
668 3108 719 3167 ejas.

79 3169 124 3218 sib.
141 3184 160 3217 r.
169 3183 212 3227 cap
224 3183 262 3217 au.
274 3208 277 3213 .

547 3181 570 3223 6.
586 3177 655 3235 Lege,
670 3171 906 3235 quicqum-scutimus.
