2018 3622
151 127 296 204 deVita
319 125 468 220 JuL11
498 76 745 210 (insuite.-
839 148 918 232 995..

56 265 166 326 mentis
187 262 310 337 dimir'srs,
329 263 498 324 videbantur
517 261 602 322 etiam
624 263 775 337 pauciores,
792 264 894 327 &arte

57 344 143 402 ducis
154 342 283 402 effebium
296 359 395 402 eratut
441 337 560 401 ucissimi
576 336 750 399 viderentur.
785 339 916 404 Tantus·

59 420 185 498 denique
196 436 381 494 contemptus
429 419 463 485 it,
481 433 513 476 ut
524 437 609 476 mane
625 417 755 491 proximo
768 415 802 473 ad
811 420 897 479 eastra
906 446 918 463 ··

58 496 153 557 hostes
178 504 186 527 ¹
211 497 399 556 occiderent:
431 494 517 554 Caesar
534 513 604 553 vero
619 494 780 570 equitatum
789 509 899 567 parurn⁴
923 523 926 527 v

58 594 110 648 per
124 575 221 649 praelio
236 591 376 648 expertus,
405 571 479 652 quali
500 579 509 603 ²
539 571 706 646 trepidantis
720 570 749 628 in
763 569 899 630 castrare·
923 593 928 600 ·

60 650 193 721 traheret,
224 650 252 708 br
268 668 358 724 portas
368 651 458 710 claudi
477 649 504 711 δι
530 655 538 688 ³
557 667 651 723 portas
674 648 806 724 undique
822 666 902 707 conr·
915 674 929 682 ··

59 729 169 786 muniri
196 728 284 787 multa
321 747 389 787 cum
411 727 586 787 simulatione
622 735 716 786 anetus
741 727 900 802 imperaret.

59 803 161 864 Tamo
186 807 264 865 enim
289 810 304 844 ⁴
336 822 470 882 tantoque
495 805 605 864 invibbo
629 818 687 862 erat
710 804 812 863 animo
823 830 836 873 ,-
868 820 931 866 ut‘

58 880 98 939 de
117 898 193 941 tanta
219 880 342 942 hostium
369 880 557 943 multitudine
581 880 622 939 nil
645 879 768 951 timeret,
788 879 841 941 niti
862 901 902 941 ne

58 959 194 1034 proelium
219 960 410 1021 detrectarent
448 958 583 1035 Denique
608 956 684 1032 quod
698 978 799 1018 omnes
818 960 902 1036 cupi·

58 1054 124 1107 unt,
141 1035 193 1096 iste
211 1038 312 1098 unicus
328 1036 475 1099 metuebat
498 1035 599 1109 fugam
620 1035 810 1096 inimicorum.
849 1037 898 1097 lui
911 1058 921 1074 ³

58 1131 130 1172 vero
140 1115 345 1189 conspicientes
355 1134 420 1192 quae
431 1111 506 1189 apud
523 1113 663 1172 Romanos
674 1115 851 1188 gerebantur,
867 1115 897 1175 δε

57 1182 245 1251 formidinem
260 1190 419 1255 ’arbitrari
438 1192 454 1248 ὲ
469 1192 533 1249 ioco
543 1190 594 1248 ubi
606 1189 784 1251 constiterant
796 1194 898 1254 altiore
923 1212 926 1217 ’

58 1265 246 1336 descendunt,
260 1268 287 1327 δι
300 1264 458 1326 transmisso
468 1267 531 1324 rivo
545 1285 601 1341 quo
612 1267 646 1323 ab
657 1267 781 1327 invicem
792 1269 898 1343 separa·

60 1342 176 1411 bantur,
196 1360 317 1417 urgente
333 1343 375 1402 im
394 1360 445 1400 etu
458 1344 621 1400 animorum
634 1343 736 1415 iniquis
748 1344 837 1404 aciem
856 1349 916 1404 lo··-

61 1418 103 1476 cis
119 1416 319 1492 instruunt,&
343 1438 374 1476 ta
411 1419 566 1492 aprimum
588 1416 661 1485 teliu,
679 1436 744 1475 mox
768 1417 899 1478 &mani-

61 1495 117 1551 bus
131 1494 271 1554 invadunt
286 1518 294 1564 3
315 1495 344 1553 δι
353 1492 477 1570 eousque
490 1509 669 1567 contemptus
682 1512 849 1568 excreverat,
868 1512 906 1557 ut·
916 1512 930 1518 “

62 1590 205 1644 praecones
217 1572 328 1632 circum
340 1570 425 1630 castra
443 1570 631 1639 dimitterent,
650 1569 742 1645 qui&
759 1571 848 1637 Gallis
872 1574 902 1633 br

62 1649 201 1707 Romanis
213 1648 358 1709 edicerent
368 1666 445 1724 aeque
459 1649 569 1707 licitum
583 1644 708 1723 utrisque
721 1646 757 1707 ad
770 1647 798 1707 se
816 1650 836 1708 sr
850 1668 900 1709 ve·

60 1725 119 1785 lint
134 1741 200 1786 ante
212 1723 313 1786 horam
326 1726 438 1787 tertiam
451 1725 506 1785 bine
520 1724 646 1803 periculo
655 1725 776 1787 transire.
795 1724 857 1802 post
870 1746 901 1788 e·
915 1752 929 1774 ··

60 1821 107 1862 am
123 1799 221 1864 bosam
235 1818 294 1865 nen
305 1804 399 1867 licere.

98 1876 189 1939 Caesar
198 1881 248 1940 ubi
273 1879 473 1942 animadvertit
489 1878 529 1939 src
550 1875 603 1940 effe
614 1880 711 1940 omnia
721 1878 795 1958 apud
808 1876 910 1943 hodo
929 1896 934 1921 ··

62 1971 95 2015 ut
106 1970 261 2032 optaverat,
280 1957 360 2033 signo
383 1958 450 2017 dato
466 1956 560 2016 subito
573 1955 664 2015 eastris
676 1976 834 2031 erumpens,
852 1958 931 2017 sua-s

60 2053 130 2092 eum
153 2036 362 2109 contemptibili
382 2033 521 2109 paucitate
541 2031 759 2091 multitudinem
769 2033 903 2092 illamin·
917 2058 931 2064 ··

57 2110 199 2169 solantem
214 2109 242 2168 δι
255 2109 426 2170 confidentia
436 2108 636 2185 obstupentem
648 2104 661 2139 ⁶
676 2109 860 2168 numetaculo
875 2128 921 2168 e··

58 2187 204 2262 ruptionis
217 2187 387 2263 aggreditur.
408 2198 506 2248 omnes
518 2187 656 2262 infugam
668 2185 764 2254 vertit,
783 2184 931 2246 occidit-

59 2281 118 2340 que
139 2264 368 2340 quamplurimos
384 2281 470 2342 arque
492 2264 667 2323 exarmavit:
688 2261 782 2321 multo
808 2265 931 2337 pluresn

61 2340 206 2402 eccilinus
217 2340 269 2400 nist
283 2340 418 2416 pongor
424 2340 535 2418 insequi
546 2340 622 2400 silvis
632 2340 668 2399 d'e
681 2352 760 2399 more
767 2356 902 2403 terrarum
917 2362 929 2387 'a

64 2437 98 2476 ac
105 2416 257 2495 paludibus
271 2433 419 2478 iteraretur.
457 2417 669 2497 Coeprniraque
689 2414 900 2493 progressusiri·

63 2510 129 2556 nete
143 2495 248 2554 eodem
262 2492 308 2554 die
324 2493 404 2555 saitis
426 2492 482 2554 suis
494 2496 626 2558 omnihus
647 2493 682 2555 ad
697 2494 842 2556 Ciceronis
856 2496 901 2557 hi·
917 2524 930 2530 *¹

64 2572 307 2647 barna-parvenit.
356 2572 465 2632 Turres
483 2592 550 2649 quas
564 2574 595 2634 in
607 2572 731 2633 circuitu
745 2590 899 2646 erexerant,
919 2618 921 2622 ψ

62 2667 119 2728 atq,
129 2666 214 2724 opera
227 2649 353 2710 bostium
367 2651 495 2722 miratus,
515 2649 719 2726 inveniensque
732 2649 748 2709 ὲ
760 2651 911 2711 militibus-

63 2727 186 2802 legionis
206 2726 281 2786 illius
295 2729 344 2811 rix
358 2727 508 2787 decimum
519 2745 661 2802 quemque
681 2727 738 2787 sane
756 2729 876 2788 vulnere
889 2755 900 2807 ς
920 2773 936 2785 ,„

65 2820 168 2878 qurntr
182 2800 299 2864 ibicum
314 2805 421 2865 virtute
433 2823 477 2864 res
488 2802 562 2880 gesta
575 2803 640 2865 effer
659 2805 788 2880 agnovit,
807 2807 835 2866 δι
850 2805 922 2865 Ci-·'

65 2894 197 2941 emonam
210 2881 395 2959 &legionem
408 2899 478 3020 ergo
495 2881 590 2959 dignis
601 2881 736 2943 laudibus
743 2884 900 2971 celebrans,

275 2974 278 2981 ·
474 2975 492 3019 2
720 2975 935 3021 centurianee-··

96 3093 119 3128 r.
136 3072 201 3144 tege.
216 3079 337 3127 arcam.
349 3118 369 3127 .,
526 3094 548 3136 4.
563 3083 631 3139 Lege,
646 3058 768 3138 maj.

92 3159 114 3190 ε.
131 3144 200 3203 Lege,
214 3143 354 3205 trepidari..
479 3085 488 3240 l
530 3157 551 3197 5.
568 3146 638 3199 Lege,
655 3139 762 3185 arbitrari.

94 3222 119 3265 ³·
134 3207 208 3264 Forte,
221 3210 290 3254 anm
301 3207 431 3272 adipem
530 3206 552 3253 6.
568 3208 641 3263 Lege,
654 3200 761 3251 mirararis.
