2018 3622
188 141 227 220 de
254 133 511 234 WtaJunfrr
538 133 783 219 Clusinis.
839 147 913 249 163

78 276 203 335 tulerant
221 271 401 351 tulissentque
419 271 554 331 omnibus
567 286 665 330 contra
679 271 820 333 Romanos
840 279 918 337 auxi-

79 354 163 426 lium,
191 352 341 412 interfecit.
376 350 480 409 multos
492 369 526 407 ex
538 347 713 424 principibus
727 351 811 409 vivos
824 354 917 427 cepit3

79 431 107 488 δε
123 430 267 491 Luderius
281 427 427 487 Cadurcus
438 445 522 500 quem
536 425 646 485 viuum
670 423 686 483 ai
701 423 814 484 Cannio
826 430 921 500 profu-

78 506 146 581 gisse
158 506 329 576 memoravi,
349 523 417 563 cum
430 502 594 562 creberrime
606 519 729 562 mutaret
742 501 871 577 hospitia,
889 523 922 563 ut

78 586 131 659 qui
144 584 192 642 libi
210 584 284 642 male
294 581 424 642 conscius
434 578 572 656 nusquam
585 596 681 639 tutum
694 577 723 638 se
736 596 846 655 putaret
859 600 864 635 :
892 582 922 640 be

78 661 119 717 lic
131 678 219 734 vagus
232 659 306 718 sorte
323 659 354 717 in
370 676 467 717 manus
480 654 596 717 venisset
610 656 767 733 Erpasnacli
789 657 827 717 Al
833 658 922 725 verni,

79 736 131 811 qni
143 736 215 795 inter
226 752 269 797 tot
281 736 372 812 patrie
381 734 434 794 suae
443 751 534 794 motus
543 732 653 808 semper
660 734 815 795 amicitiam
825 737 924 807 populi.

79 813 209 872 Romani
223 832 280 873 uno
293 813 358 873 lidei
369 832 466 874 tenore
482 811 647 881 servaverat,
668 831 716 886 per
728 831 796 872 eum
808 811 923 871 vindos

80 890 116 949 ad
131 888 264 950 Caesarem
284 891 324 951 est
337 888 491 966 perdusbus.
545 888 641 947 Rebus
654 889 747 979 itaque
768 887 804 947 ad
820 904 921 948 votum

77 967 244 1040 fluentibus,
271 967 357 1028 Caessr
376 969 455 1028 omni
469 965 562 1025 Gallia
580 964 736 1041 perdomita
757 963 841 1027 suum
862 985 923 1026 cre·

80 1044 165 1113 didit,
191 1045 375 1121 Aquitaniam
386 1045 453 1105 licet
471 1063 520 1119 per
532 1044 639 1120 legatos
652 1040 754 1102 vidant
768 1063 817 1118 per
831 1042 859 1103 se
871 1042 922 1101 ad·

79 1124 130 1194 ire,
151 1122 314 1200 ibidemque
328 1141 410 1199 agere
422 1120 492 1196 quid
504 1116 654 1195 superesset
666 1119 771 1181 ostatis.
810 1120 851 1180 Eo
866 1122 922 1197 igi·

79 1215 128 1256 tur
152 1200 302 1271 professus,
335 1217 436 1260 omnes
446 1198 508 1255 illas
529 1213 633 1267 terras,
649 1196 800 1269 incertum,
820 1214 919 1258 utrum

80 1277 185 1346 majori
206 1277 388 1335 felicitatem
403 1275 544 1332 celeritate
557 1272 731 1346 composuit:
750 1292 817 1332 cum
833 1293 920 1335 certa·

81 1353 136 1409 tim
158 1369 255 1410 omnes
274 1352 369 1425 primo
390 1350 452 1422 eius
470 1348 596 1407 adventu
620 1346 778 1407 &obsides
801 1347 921 1408 adeum

80 1428 239 1495 mitterent,
258 1425 286 1486 bc
300 1427 417 1500 legatos,
429 1425 565 1500 eligentes
577 1422 800 1483 benivolentiam
808 1423 838 1483 in
851 1427 924 1485 tenti

85 1504 139 1560 viri
152 1505 343 1580 potiusquam
357 1501 513 1577 potentiam
527 1500 654 1575 experiri.
924 1555 927 1561 .

120 1579 193 1639 Inde
220 1580 385 1640 Narbonem
404 1578 484 1652 adiit,
512 1574 663 1655 divisisque
688 1577 850 1653 legionibus
872 1598 937 1655 per⁸

79 1655 217 1732 hyberna,
249 1656 286 1716 fic
299 1674 334 1716 ut
347 1657 425 1718 nulla
440 1674 501 1731 pars
514 1654 613 1723 Gallie
626 1654 758 1733 presidiis
779 1674 867 1715 vacua
880 1656 923 1715 es·

73 1734 131 1805 let,
150 1734 208 1809 ipse
225 1734 348 1812 cognitis
360 1734 434 1794 inter
447 1730 575 1793 eundum
587 1731 673 1799 ceusrs
683 1733 864 1808 populorum,
883 1732 921 1794 ad

79 1810 157 1886 quod
171 1832 259 1873 nemo
280 1813 382 1887 aptior,
411 1830 500 1871 nemo
524 1808 581 1869 suit
602 1809 722 1882 fecilior,
753 1810 876 1886 cognitis
889 1812 936 1871 δι.

79 1890 189 1948 meritis
201 1889 385 1966 singulorum,
418 1887 447 1946 dc
459 1907 510 1961 pro
534 1885 666 1948 varietate
679 1887 845 1948 meritorum
859 1908 941 1963 poe·.‚

78 1965 127 2023 nis
153 1982 201 2025 aut
225 1965 346 2039 premiis
373 1961 534 2040 assignatis3
564 1964 617 2023 iter
646 1963 725 2024 flexit
755 1963 787 2024 in
813 1966 919 2041 Helgas.

79 2040 122 2098 ibi
138 2041 293 2114 proximam
305 2039 438 2116 hyemem
451 2042 517 2116 egit.
550 2060 667 2116 corpore
685 2038 777 2100 forsan
796 2041 919 2113 otiosior,

77 2137 166 2194 quem
180 2133 269 2190 etate,
300 2116 421 2178 sednon
444 2118 551 2178 animo.
582 2118 612 2179 de
637 2136 810 2197 quemquam
823 2138 920 2194 prute-

77 2196 146 2253 ritas
173 2216 223 2268 per
243 2193 360 2270 hyemes
390 2194 425 2255 ad
452 2193 629 2272 sequentium
659 2194 767 2270 semper
792 2195 920 2256 testatum

78 2271 152 2331 bella
164 2270 304 2333 sollicitus
326 2269 429 2351 fuisset,
447 2292 593 2333 nuncuna
611 2272 655 2331 illi
675 2292 740 2333 cura
764 2290 920 2334 eratomne

79 2348 148 2408 belli
165 2348 262 2409 semen
283 2349 459 2426 extinguere,
477 2347 552 2409 nihil
562 2344 658 2422 citreis,
689 2347 737 2410 sed
751 2351 849 2410 onrnia
862 2352 921 2410 mi·

78 2426 153 2486 tibus
171 2426 249 2500 aslis,
267 2426 398 2487 dulcibus
413 2425 505 2488 verbis
516 2445 608 2503 agere,
626 2428 733 2488 amicos
744 2444 854 2487 veteres
865 2427 921 2486 ser-

79 2521 154 2576 vare,
172 2522 267 2565 novos
279 2522 413 2582 querere,
431 2505 505 2567 nulli
517 2506 626 2565 nulum
637 2502 741 2581 facere,
771 2505 845 2562 bona
858 2523 921 2561 om-

77 2580 234 2654 nibus,·nil
250 2582 322 2649 novi
346 2586 355 2614 ¹
374 2582 466 2657 operis
486 2582 635 2656 imponere
660 2582 758 2639 multis
782 2586 792 2610 ²
816 2580 922 2639 veteris

78 2658 126 2716 vel
148 2658 279 2717 minuere
302 2658 349 2717 vel
371 2656 488 2719 auferre.
517 2658 642 2733 denique
667 2654 760 2716 modis
785 2655 923 2716 omnibus

80 2754 186 2801 curare,
204 2751 239 2796 ut
256 2734 403 2796 discedens
417 2751 541 2811 pacatam
559 2736 734 2810 relinqueret
752 2732 924 2809 regionem}

80 2811 109 2871 δι
123 2808 241 2873 cessante
252 2811 328 2873 bello
338 2812 375 2875 ed
385 2810 562 2887 triumphum
580 2810 702 2884 rediens,
720 2809 859 2872 vitiorem
872 2831 922 2871 ex·

81 2888 203 2949 ercitum
228 2887 385 2963 reduceret,
418 2889 497 2967 quod
515 2888 566 2950 srbi
579 2889 746 2966 contingere
767 2886 844 2947 bello
867 2886 923 2948 du·

80 2978 161 3039 rante
172 2984 230 3025 non
242 2986 358 3042 poterat.
397 2967 492 3028 effecit
511 2985 547 3025 ue
558 2962 666 3040 sperato
684 2985 796 3044 quoque
810 2963 923 3024 facilius

80 3039 163 3120 quod
174 3045 292 3118 optabat.
327 3063 393 3107 nam
414 3044 442 3107 δι
461 2985 520 3120 ipse
543 3041 577 3102 ad
590 3043 656 3103 ralia
668 3042 777 3120 semper
789 3041 922 3127 omnium

118 3213 140 3251 r.
154 3204 224 3264 Lege,
239 3204 307 3253 ernis.
366 3200 399 3263 Ἰ
452 3218 473 3252 2.
489 3203 560 3297 Lege,
574 3120 661 3267 pitina&
704 3274 707 3279 ἕ
787 3114 919 3178 efflems-
