2018 3622
119 126 203 251 1³96
310 137 371 244 ¹J.
389 141 490 228 Celsi
507 148 759 227 Commentarit'
800 129 803 134 ⁵

120 296 306 358 cognoverat,
330 280 365 340 de
379 278 515 341 mandatis
528 277 640 338 Caesaris
652 279 731 355 loqui
744 280 849 357 coepit.
865 283 964 368 vixque

120 360 191 417 dum
206 358 391 433 incipientem
408 357 561 432 Pompeius
576 356 728 430 interrupit
741 361 914 424 exclamans.
938 373 964 421 de

121 435 194 511 quid,
211 435 318 514 inquit,
336 437 401 493 mihi
423 437 474 493 vel
495 441 558 491 uita
581 433 627 489 ‘uel
646 438 744 490 civitas
763 434 903 510 prrrsutura
924 443 963 517 est,

122 534 200 587 quam
214 512 326 576 beneficit
339 509 447 584 casam
466 510 586 585 affltutus
596 511 706 568 videar?
737 517 808 588 cujus
820 524 965 575 contrarium

123 589 212 647 ‘uideri
237 596 245 620 ¹
270 591 365 666 iuquit,
385 587 433 664 nist
451 588 509 645 bello
532 592 633 663 peraiio
659 593 687 643 in
714 591 837 664 ltaliam,
856 596 964 651 undedi·

117 661 251 741 scefferim,
271 666 317 741 βω
340 659 460 738 reverfiu.
506 663 683 739 Responsum
706 663 764 726 hoc
792 667 903 744 Caesari,
920 692 963 750 per

125 764 174 803 eos
194 743 268 820 ipsos
294 743 343 820 qui
369 744 515 802 audierant
534 741 619 813 illud,
645 756 749 802 notum
771 744 840 806 suit.
866 750 962 823 potuis·

124 819 169 880 set
181 820 331 881 mediocris
343 821 427 879 eriam
441 819 485 878 vir
498 817 643 878 fortisfime
653 818 797 894 subirasci,
817 825 961 903 indignari,

126 916 244 957 ornnem
265 898 338 972 pacis
350 897 481 956 omittere
500 896 685 955 mentionem.
723 896 789 973 Ipse
815 921 885 962 veto
907 925 961 964 nou

125 971 244 1040 destitit,
264 973 310 1034 sed
322 973 398 1034 aliud
410 974 465 1034 iter
475 973 548 1049 pacis
558 971 695 1048 ingressus
705 991 849 1039 retentare
865 981 959 1056 voluit,

125 1070 161 1108 an
175 1050 252 1127 quod
264 1050 369 1110 secreto
380 1071 441 1111 non
455 1062 581 1126 potuerat
593 1051 682 1127 palam
703 1049 800 1124 posset.

163 1126 227 1185 Erat
239 1126 314 1200 inter
325 1127 409 1190 castra
421 1128 528 1186 ducum
542 1128 632 1186 amnis
644 1146 718 1187 unus
732 1130 851 1206 exiguus
862 1137 871 1161 ²
886 1130 961 1208 Tap·

124 1199 171 1261 sus
187 1204 325 1276 nomine;
345 1205 384 1264 ibi
405 1205 512 1264 milites
532 1211 541 1244 ³
561 1205 661 1278 ereptis
673 1206 749 1264 inter
761 1205 790 1266 se
800 1207 958 1284 quotidiana

127 1280 268 1358 colloquia
290 1281 378 1341 serere
396 1281 472 1342 soliti
487 1297 573 1353 erant,
593 1281 649 1340 srne
670 1281 733 1340 ullo
751 1286 875 1346 telorum
892 1287 959 1362 peri·

127 1359 211 1416 culo:
233 1367 341 1437 ⁴quum
366 1360 441 1419 inter
464 1376 553 1434 partes
576 1357 769 1434 convenissem
783 1363 958 1440 colloquendi

128 1437 215 1495 credo
234 1436 368 1497 desiderio
386 1438 518 1512 tantisper
541 1437 593 1494 iras
609 1434 772 1496 cohibente.
799 1440 861 1500 illic
880 1438 957 1500 Caesar

127 1511 158 1569 P.
174 1512 327 1574 Vatinium
339 1535 373 1573 ex
385 1516 484 1592 legatis
497 1515 550 1574 suis
568 1514 607 1572 ire
623 1515 716 1588 jubet,
736 1514 765 1574 δι
777 1534 958 1594 quaecumque

127 1590 219 1664 magis
230 1591 376 1652 ext'unaret
388 1594 422 1651 ad
440 1613 536 1667 pacem
548 1608 659 1652 motura
672 1590 796 1664 animos,
814 1613 883 1655 cum
895 1595 958 1654 ciri·

126 1662 180 1724 bus
190 1665 352 1743 eisdemque
362 1664 490 1730 hostibus
499 1686 591 1746 agere,
612 1667 640 1728 δι
655 1665 724 1742 saepe
738 1668 794 1728 alta
806 1688 881 1732 voce
893 1689 959 1749 quc·

125 1757 196 1815 tere,
212 1742 348 1805 liceretne
368 1743 490 1818 civibus,
507 1744 585 1826 quod
608 1744 742 1822 fugitivis
760 1743 908 1808 interdurn
931 1766 961 1810 tc

124 1818 304 1896 praedonibus
314 1818 442 1895 licuisset,
464 1824 571 1900 legatos
579 1822 615 1882 de
627 1841 694 1899 pace
704 1821 824 1894 mittere,
834 1843 873 1882 ne
884 1825 910 1883 ci
914 1844 962 1883 ves

126 1900 202 1960 inter
211 1897 239 1959 se
249 1897 361 1961 funesto
372 1898 466 1960 Marte
479 1915 689 1973 concurrerent,
703 1898 856 1962 &suorum
869 1902 961 1961 mani·

126 1977 181 2039 bus
200 1977 365 2038 Romanum
387 1993 545 2039 everterent
565 1977 729 2067 imperium.
749 1976 836 2037 multe
848 1996 962 2057 quoque

127 2053 247 2117 humilia
261 2056 354 2128 verba,
372 2053 401 2115 dt
420 2074 493 2146 quae,
512 2070 545 2114 ut
559 2054 629 2126 diru,
648 2054 776 2114 timentis
788 2054 880 2114 videti
902 2054 962 2132 pos·

126 2131 192 2193 sent
204 2133 256 2193 nist
266 2135 283 2194 ὲ
294 2132 400 2192 Caesare
409 2131 575 2192 dicerentur.
616 2131 699 2193 Paret
718 2133 768 2193 ille
780 2129 808 2190 δι
820 2130 857 2191 ad
870 2133 957 2210 ripam

126 2210 219 2276 amnis
230 2207 373 2284 profesius
395 2210 524 2270 mandata
543 2208 586 2268 sui
599 2208 681 2269 ducis
704 2207 866 2287 exequitur,
884 2209 912 2269 &
928 2211 960 2269 ab

126 2299 246 2362 utraque
258 2286 379 2363 partium
400 2286 510 2363 ingenti
530 2285 642 2347 silentio
654 2283 767 2345 auditus
779 2283 830 2344 esi.
852 2286 962 2363 respon·

125 2357 246 2437 sumque
261 2363 295 2425 ab
317 2361 442 2435 adverso,
465 2362 542 2440 quod
566 2361 823 2424 AulusVarrodie
836 2366 962 2438 proxima

124 2435 162 2497 ad
185 2438 362 2516 colloquium
374 2441 494 2500 veniret.
513 2442 599 2517 legati
617 2456 711 2500 autem
725 2456 790 2500 tuto
809 2439 840 2500 δι
866 2442 962 2501 venire

125 2514 234 2602 possent
249 2516 353 2596 &quae
368 2518 474 2578 vellent
498 2518 585 2595 loqui.
625 2516 745 2578 Vatinio
769 2536 887 2608 quoque
903 2519 962 2578 dies

126 2593 224 2656 eadem
239 2595 272 2665 ad
288 2595 411 2665 reditum
445 2591 542 2654 raefixa.
569 2594 698 2672 quicum
721 2592 853 2666 venisset,
871 2595 901 2655 δι
914 2595 961 2654 ille

125 2670 161 2730 ud
173 2673 297 2736 eundem
319 2681 328 2715 ⁵
346 2613 474 2746 rediisset,
492 2672 572 2734 turba
594 2672 695 2748 ingens
706 2672 843 2750 utrinque
858 2691 962 2732 conve·

124 2765 215 2822 uerat,
231 2751 348 2823 intentis
358 2768 393 2812 ut
405 2749 552 2812 videbatur
564 2746 599 2808 ad
613 2768 710 2826 pacem
723 2749 825 2809 animis
834 2748 905 2809 dum
919 2768 964 2809 tes

124 2822 160 2876 ad
172 2825 280 2897 bonurn
292 2828 400 2889 exitum
418 2846 505 2902 prona
516 2824 589 2886 esset.
634 2825 777 2886 Labienus
797 2825 913 2902 prodiit,
932 2824 962 2884 δι

124 2912 193 2958 cum
204 2897 323 2962 Vatinio
334 2904 460 2980 colloqui
471 2903 558 2979 toepit
568 2918 653 2980 atque
665 2901 858 2992 contendere,
872 2902 963 2992 utqui

850 2996 962 3056 mgenu

159 3109 179 3142 t.
191 3097 265 3162 Forte,
285 3109 378 3160 nequeat.
527 3100 543 3222 1
587 3116 609 3158 q.
624 3101 698 3158 Forte,
747 3100 770 3155 fi
783 3102 839 3153 ineu
849 3115 926 3171 paria·

520 3198 527 3205 ³
586 3179 597 3220 5

531 3226 540 3274 Ι

160 3178 183 3206 ε.
200 3167 267 3224 Lege,
277 3163 355 3224 Apso.
599 3197 607 3213 .
623 3159 698 3225 Adde,
742 3180 787 3216 am.

161 3237 182 3278 ³·
199 3228 272 3286 Forte,
284 3232 355 3275 crtlrro.
