2018 3622
143 135 767 243 AdeVirrJuurrCnsrnrs.
820 162 898 225 τοι

10 317 38 357 ᾗ
110 277 185 341 Cum
198 278 367 342 lrisClodius
377 279 514 342 mandatis
531 279 566 339 ad
580 281 741 356 Scipionem
753 283 904 358 proficisci·

10 374 36 434 ξ
70 372 124 417 tur.
144 357 265 432 primum
277 359 397 434 quidem
424 359 522 419 'letus
536 357 611 416 visus
628 358 807 434 auditusque,
831 360 904 435 poll·

10 472 34 507 2.
69 432 190 493 modum
202 435 218 493 l
232 436 381 511 colloquio
402 434 533 504 seclusus,
552 435 681 495 Favonio
702 436 825 511 quodam
839 439 906 501 mali

10 546 28 583 ,ι
67 509 178 571 consilii
191 510 301 571 fautore
314 514 330 573 i
344 511 466 587 pacificis
483 512 646 585 Scipionem
664 512 693 572 δι
706 512 817 572 mundo
829 512 907 573 utili·

10 624 21 661 .·
67 587 120 646 bus
131 587 294 647 tractatibus
303 607 464 661 revocante,
482 586 517 647 src
531 588 637 648 infeclo
657 590 776 665 negotio
790 587 907 651 Clodius

66 662 104 722 acl
115 661 252 723 Colorem
262 664 302 731 est
315 664 449 728 reversus.
490 665 633 739 Quotidie
645 665 761 725 interim
776 664 908 742 congres-

10 780 12 785 -
65 739 115 800 sus
128 740 158 799 δι
167 742 275 815 proelia,
293 741 323 802 &
341 743 484 821 utrimque
496 741 585 801 credes
598 758 680 818 atque
697 743 852 819 insignium
864 743 908 801 vi·

65 837 169 877 rorum
195 817 273 878 casus
289 819 437 891 mirabiles,
455 816 584 895 pacisque
606 820 748 880 confiliis²
767 821 839 878 male
864 840 908 879 re·

63 894 203 969 pudiatus
214 895 293 956 locus
305 896 353 955 irae
375 912 458 973 atque
470 895 539 955 odio
552 895 633 955 datus
646 913 711 956 erat.
752 896 820 956 Fuit
831 916 908 957 unus

61 970 127 1031 dies
138 968 238 1031 cesari
251 972 338 1034 nimis
348 971 491 1044 adversus,
509 992 567 1050 quo
580 973 690 1047 eruptio
707 970 907 1035 violentiffimu

61 1048 98 1109 ab
111 1046 239 1108 hostibus
250 1048 322 1109 faeta
334 1049 384 1124 est,
402 1049 516 1126 fuitque
529 1050 581 1109 illo
600 1048 647 1108 die
659 1050 732 1109 inter
743 1051 795 1110 alie
806 1050 908 1129 aquili·

62 1125 120 1185 feri
134 1125 211 1185 illius
228 1125 348 1203 inlrgnis
367 1127 502 1186 ³virtutis
513 1145 545 1186 ac
556 1126 673 1203 spectata
690 1127 758 1186 dies.
776 1128 906 1203 quicum

64 1200 167 1262 lethali
186 1204 304 1263 vulnere
324 1202 473 1265 transfixus
491 1204 578 1263 morti
600 1204 759 1277 proximum
779 1205 808 1263 se
821 1204 909 1264 senti·

63 1295 121 1351 ret,
142 1279 237 1339 versus
259 1280 294 1340 ed
317 1280 447 1353 comites,
466 1280 665 1357 porrigensque
685 1281 806 1353 aquilam
820 1301 907 1357 quam

65 1357 76 1430 j
80 1377 129 1415 am
142 1373 214 1431 aegre
226 1355 413 1418 sustentabat:
435 1361 577 1428 Hanc,ait,
591 1357 794 1413 icammr'lr'tionts
805 1363 854 1413 mei
865 1363 912 1414 vi·

68 1451 137 1488 vens
152 1429 367 1499 multisonis&
380 1435 462 1491 multa
474 1453 536 1491 cura
542 1437 666 1509 Jeruavi,
685 1429 721 1495 ῤ’*
731 1453 794 1490 nunc
805 1437 908 1491 moriens

64 1507 175 1566 eandem
184 1504 275 1584 Cesari
290 1516 351 1585 puri
369 1511 419 1586 fide
430 1511 540 1585 restituo.
560 1524 704 1568 vosautem
718 1525 762 1583 per
776 1529 910 1567 communes

64 1589 229 1660 imperatoris
238 1606 345 1645 amorem
354 1607 394 1646 err
405 1602 435 1645 ar
452 1589 596 1662 ueobteflor,
616 1602 704 1643 cavete
714 1585 814 1643 dedecus
825 1583 908 1661 cesa·

65 1664 118 1719 reis
130 1661 217 1737 castris
225 1657 359 1737 insolitem,
378 1685 408 1722 ne
431 1677 484 1721 orte
495 1665 599 1721 bellium
610 1668 735 1721 inmanes
746 1666 837 1721 veniat
849 1677 910 1719 un·

66 1742 94 1795 n·
111 1735 179 1796 ducis
185 1737 311 1815 βιαιως
328 1736 380 1816 sed
390 1741 453 1799 milri
466 1737 590 1816 aicaesare
600 1740 660 1799 olim
676 1739 799 1818 commifflr
818 1739 909 1815 aquila

66 1834 137 1872 nene
153 1830 202 1890 per
220 1835 311 1875 mmet
329 1819 428 1893 uestrae
442 1814 526 1893 salva
548 1816 586 1874 ad
610 1813 730 1889 cesarem
751 1830 908 1877 reuertatur.

66 1890 141 1952 Huc
151 1891 246 1957 dicens
255 1894 375 1967 corruit,
396 1899 407 1939 5
420 1911 596 1970 centumque
608 1893 655 1952 alii
676 1894 771 1968 prime
783 1892 908 1955 cohortis

66 1965 128 2027 suo
140 1986 208 2027 cum
217 1969 343 2047 principe
354 1970 527 2043 ceciderunt,
547 1971 693 2044 multaque
705 1969 819 2029 diversis
831 1968 908 2029 caede

68 2045 104 2102 in
114 2043 262 2105 lociseditr
268 2046 434 2124 Pompeiani
447 2063 609 2122 erumpunt.
623 2045 747 2122 vicitque
755 2045 908 2119 Pompeius

68 2121 121 2179 illa
144 2119 213 2193 acie,
233 2119 263 2180 &
286 2122 442 2201 Imperator
464 2125 617 2200 appellatus
637 2120 684 2181 est.
723 2120 855 2197 Cumque
865 2140 911 2181 ce·

69 2197 242 2259 dentesnon
252 2198 434 2278 sequeretur,.
443 2201 561 2277 negavit
571 2219 638 2259 eum
652 2195 741 2258 Caesar
752 2214 800 2257 aut
812 2198 910 2258 vince·

68 2294 111 2347 re,
130 2291 180 2335 aut
193 2274 308 2339 vilioria
326 2278 370 2337 uti
383 2276 463 2338 scire.
502 2278 642 2338 Labienus
658 2296 727 2336 vero
739 2276 771 2335 in
781 2274 864 2336 suum
876 2295 908 2335 o·

67 2352 124 2412 lim
136 2351 241 2413 ducem
262 2354 424 2430 inexpiabili
437 2354 505 2416 odio
517 2353 658 2426 accensus,
677 2352 693 2412 ὲ
714 2354 852 2429 Pompeio
863 2373 909 2413 cr·

69 2429 167 2504 privos
188 2429 238 2490 libi
261 2431 341 2492 dono
353 2431 414 2492 dari
427 2433 518 2510 petiit,
537 2431 614 2508 quod
636 2450 702 2491 cum
728 2428 907 2507 impetrallet,

70 2504 221 2580 perdulios
245 2527 344 2569 omnes
365 2510 398 2569 in
415 2509 543 2569 medium
567 2509 595 2568 &
628 2506 908 2568 contumeliosrllrmis

70 2583 166 2643 verbis
179 2583 341 2660 increpitos,
359 2585 409 2645 seu
435 2586 446 2618 ⁶
465 2585 659 2645 incrudelitate
683 2583 771 2641 infitae
786 2581 909 2642 deservi·

70 2679 129 2732 ens,
142 2660 191 2721 seu
202 2658 304 2721 scelere
311 2662 430 2721 immani
440 2662 526 2724 fidem
539 2657 697 2733 transfugio
708 2657 759 2716 suo
773 2677 908 2734 querens,

70 2736 103 2798 in
113 2734 264 2813 conspeetu
276 2740 410 2800 omnium
422 2739 576 2802 interfecit.
596 2735 652 2796 hoc
673 2749 777 2795 eventu
796 2749 907 2871 tantsunq

860 2832 906 2889 per

104 2965 126 3000 r.
142 2950 239 3003 Laevel
247 2951 341 3003 unna.
356 2964 381 2999 ut
390 2955 475 3005 ritca·
533 2969 556 3011 4.
573 2953 646 3011 Forte,
654 2948 708 3009 fides.

70 3013 109 3062 sar.
536 3031 556 3070 §-
570 3014 731 3074 (turmasque
739 3013 777 3058 olii
793 3011 862 3074 prinu
871 3026 903 3056 ce-

105 3095 127 3125 2.
144 3079 215 3132 Forte,
230 3080 284 3127 male
299 3076 410 3141 repudians
418 3081 473 3129 luem.
502 3081 559 3125 birris
566 3091 634 3140 pram
640 3080 757 3140 principem.
773 3073 800 3121 stc
809 3072 887 3122 &son

106 3155 127 3195 3·
143 3144 213 3204 Lege,
228 3146 305 3192 unsre.
533 3151 553 3190 o.
570 3143 644 3200 Forte,
657 3141 782 3187 crudeliori.
