2018 3622
161 119 780 221 deVinJurnCnsmrs.
837 140 917 226 129

84 267 204 328 Avarici
224 266 428 327 detrimentum
451 263 636 340 suppleretur.
676 259 797 321 Aeceffit
820 262 933 324 ’010⁴'

85 345 199 405 ruconis
207 342 281 404 filius
291 341 516 421 Theotomotur,
529 337 760 414 Nichioborgunr
772 356 831 410 rex,
841 341 921 415 eujus

84 436 191 494 patrem
225 421 374 480 Romanus
414 418 525 478 senatus
560 416 688 475 amicum
730 415 920 502 appellaverat.

84 495 131 556 sed
153 514 188 557 ut
206 497 279 571 sepe
299 495 351 555 filii
375 493 515 554 dereliffis
537 508 684 566 parentum
696 489 815 560 semitis,
835 507 923 549 novas

85 588 240 648 quaerunt3
260 570 310 631 iste
332 587 429 631 eontra
443 571 585 629 Romanos
605 568 640 627 ad
654 565 926 641 Vercingetorigem

88 666 156 706 eum
183 650 276 707 multo
300 647 328 707 se
346 647 471 708 eontulit
487 647 621 722 equitatu.

128 720 221 782 Caesar
250 723 284 783 ad
309 724 464 785 Avaricum
489 720 697 798 complusculos
726 719 874 794 dieeegit
896 716 926 778 δι

86 797 228 859 frumenti
249 801 323 877 larga
347 801 386 860 ibi
410 799 489 877 copia
512 814 596 875 arque
626 799 758 858 omnium
781 814 927 856 commea·
988 862 1005 886 Ι

85 891 171 935 tuum
196 876 330 948 iuventa,
348 874 449 937 feisum
471 892 555 952 atque
575 871 743 934 esurientem
764 873 927 933 exercitum

87 953 233 1013 recreavit.
269 952 341 1012 Inde
356 953 434 1031 quod
459 969 580 1011 vernum
593 951 673 1010 bellis
695 967 795 1026 aptum
811 966 928 1023 tempus

83 1026 208 1101 instaret,
226 1027 260 1088 ad
283 1028 390 1091 bostem
410 1031 452 1090 ire
467 1044 529 1089 tota
550 1043 646 1087 mente
658 1027 814 1104 dispuitur,
834 1043 867 1087 ut
879 1026 927 1086 in·

85 1120 214 1179 ventum,
234 1108 281 1167 vel
303 1107 389 1167 taedio
412 1106 445 1166 in
458 1119 585 1187 apertum
612 1106 726 1165 eliceret
753 1104 782 1164 u
795 1104 828 1164 in
850 1120 925 1180 pug-

83 1200 149 1241 nam
170 1200 294 1259 cogeret,
309 1185 355 1242 vel
365 1182 511 1242 obsidione
524 1180 683 1241 conficeret.
720 1179 799 1241 Dum
811 1179 847 1241 ad
862 1179 921 1240 hoc

84 1256 139 1315 iter
161 1261 328 1334 accingitur,
358 1258 548 1333 legationibus
569 1258 715 1317 Eduorum
733 1275 862 1317 exorante
885 1256 922 1315 ad

85 1331 298 1408 componendas
323 1354 425 1394 eorum
458 1335 522 1392 lites
542 1333 571 1391 be
593 1332 791 1393 controversias
815 1331 925 1393 intesti-

86 1428 147 1480 nas,
178 1427 241 1485 quae
273 1412 346 1470 inter
368 1409 441 1467 duos
462 1410 600 1483 primores
622 1407 719 1481 populi
746 1407 781 1465 de
811 1408 926 1475 summo

85 1484 251 1560 magistratu
271 1503 345 1557 ortae,
363 1500 452 1544 totam
474 1484 573 1541 urbem
588 1483 702 1542 alterius
716 1482 853 1558 suffragiis
866 1484 927 1559 agi·

89 1563 199 1633 rabant,
219 1561 286 1621 ante
297 1561 393 1622 omnia
410 1579 446 1618 eo
462 1559 600 1635 proficisci
618 1557 720 1624 statuit,
738 1579 796 1618 non
809 1560 925 1635 ignarus

84 1637 202 1712 quidem
229 1655 334 1714 quanta
363 1636 513 1712 praesertim
532 1637 564 1696 in
584 1637 660 1696 bello
681 1635 785 1710 jaibrra
803 1637 839 1695 sit
851 1654 924 1698 tem·

84 1714 170 1788 poris,
189 1730 327 1791 quantum
346 1715 378 1775 in
397 1712 534 1773 dilatione
550 1713 716 1789 perieulum.
736 1711 784 1772 sed
800 1715 924 1775 amicam

84 1790 184 1849 urbem
201 1789 362 1864 destituere,
397 1791 506 1880 populo
526 1789 696 1849 Romanose
717 1809 754 1850 ue
766 1789 922 1867 indignum

84 1864 274 1939 arbitrabatur,
293 1886 377 1945 quam
395 1887 451 1941 ram
476 1868 508 1927 in
533 1867 617 1927 armis
637 1863 689 1926 effe
730 1885 782 1927 ane
806 1868 844 1926 ob
857 1886 932 1926 cau·-

82 1941 141 2001 sam
167 1941 286 2020 &pene
309 1946 367 2018 iam
390 1941 543 2019 confligere
568 1942 644 2002 fama
666 1959 732 2002 erat.
762 1961 856 2019 neque
878 1943 926 2002 in·

84 2017 237 2079 honestum
266 2021 355 2078 modo
377 2019 426 2078 sed
460 2017 650 2093 periculosum
677 2017 844 2092 providebat
861 2036 925 2080 eam

81 2115 147 2154 rem
161 2097 307 2171 negligere
319 2119 327 2167 3
346 2115 384 2154 ne
394 2094 533 2155 auxilium
544 2090 661 2153 fortaffis
674 2093 710 2153 ab
726 2091 853 2153 hostibus
863 2112 925 2168 para

80 2170 205 2231 inferior
229 2170 390 2249 postularet,
409 2190 503 2248 neque
523 2176 614 2230 ²uere
625 2169 681 2245 legi
694 2170 852 2230 amicorum
863 2172 923 2231 ulla

81 2250 113 2307 in
133 2264 212 2328 parte
238 2248 371 2325 derogare
382 2249 424 2309 fas
434 2247 565 2320 ducebat,
584 2265 639 2322 qua
649 2247 708 2306 ulla
721 2247 854 2306 ratione³
889 2248 922 2309 ui

82 2324 142 2405 libi
154 2324 275 2400 gradum
295 2345 356 2402 pars
373 2342 493 2402 utraque
516 2322 673 2384 vindicaret
691 2323 774 2383 rebus
791 2267 924 2388 munibus

82 2419 172 2476 regno
195 2415 307 2476 parem3
328 2402 379 2463 nisr
389 2419 476 2463 aetate.
498 2401 643 2460 eratenim
656 2401 766 2461 animus
782 2401 920 2477 ingratus.

85 2477 279 2552 Quamobrem
304 2486 316 2520 ⁴
337 2499 375 2539 ne
398 2478 433 2537 ad
460 2477 488 2537 se
511 2492 600 2553 patres
624 2495 743 2538 evocare
764 2476 922 2551 sustinuit3

81 2573 174 2632 neque
192 2554 349 2632 indignum
366 2553 474 2614 censuit
489 2554 648 2630 negotium,
664 2553 699 2614 ad
711 2553 790 2630 quod
803 2575 920 2630 compo·

80 2630 211 2691 nendum
248 2630 307 2691 ise
343 2628 569 2706 proficisceretur.
613 2630 649 2690 In
685 2629 797 2691 AEduos
828 2632 919 2708 igitur

80 2724 148 2767 cum
170 2708 237 2767 ven'
261 2725 290 2769 et
317 2704 464 2769 Decetiam
489 2706 608 2782 opidum
630 2705 658 2765 δι
678 2723 768 2782 partes
788 2706 817 2766 δι
838 2710 917 2772 sena·

80 2797 145 2842 tum
167 2803 287 2847 omnem
313 2786 467 2846 convenire
493 2783 577 2858 justit,
608 2782 770 2859 &praesens
794 2783 829 2846 de
854 2789 917 2862 jure

82 2860 204 2935 partium
223 2862 373 2940 cognovit,
390 2859 541 2940 motusque
564 2879 664 2923 omnes
679 2861 728 2923 sua
752 2861 921 2928 aueioritate

834 2961 914 3004 com·

119 3053 482 3112 r.0!Iear'coru‘r,1beunmatuera-
543 3072 563 3111 3·
578 3055 899 3108 Mendosmlonamutilur.

76 3119 164 3183 brigen
173 3133 217 3167 m.
238 3119 274 3168 sie
280 3122 357 3171 Caesar.
542 3134 564 3180 4.
574 3123 648 3176 enar.
664 3136 700 3168 rer
711 3121 739 3167 ad
753 3120 776 3179 se
783 3132 859 3183 parter.

112 3199 135 3233 a.
149 3185 222 3244 Forte,
248 3186 321 3232 wera
