2018 3622
177 115 470 223 deritaJutn
510 116 753 214 Casama?
821 149 901 231 247

61 255 155 316 moris
169 252 363 325 observantia,
381 269 416 313 ut
427 268 542 314 tantum
552 252 587 311 de
598 249 725 315 hostibus
737 257 898 338 triumplu·

61 348 126 401 ret,
162 331 190 390 ἃ
204 329 423 392 interferrorum
444 329 472 388 se
484 328 559 388 duce
571 346 686 388 tantum
698 330 821 396 hostium
841 357 897 397 nu·

61 427 176 468 merum
189 408 276 467 scribi
290 406 495 480 memoriaque
507 404 635 463 mandari
649 424 801 481 pateretur.
829 411 903 472 Nu·-

60 503 173 543 merum
185 503 253 543 vero
267 484 380 543 civium
393 479 555 542 occisorum
568 481 652 540 scribi
666 485 774 554 vetuit,
796 505 831 544 ne
844 487 897 548 do.

60 558 189 618 mesticas
204 556 297 619 clades
324 577 407 635 atque
420 557 545 619 miserias
573 562 669 633 patria
689 560 895 634 exprobraret:

61 636 191 712 quamvis
218 637 247 695 δι
271 636 304 693 in
317 654 440 694 numero
462 635 597 694 caesorum
616 630 740 693 hostium
765 638 814 696 etii
836 660 896 700 non

63 712 215 782 Romanis,
244 728 272 771 at
285 712 415 770 Romano
428 711 526 788 generi
539 711 720 786 exprobratio
733 715 833 790 ingens
845 713 896 774 lie·

60 806 113 847 ret.
124 786 278 865 Siquidem
290 790 348 866 ejus
364 785 454 846 durau
465 832 474 860 ,
486 804 520 846 ut
535 788 569 844 ab
585 784 742 846 illustribus
754 789 896 852 traditum

59 861 290 936 estaucioribus‚
313 863 447 923 undecies
470 864 637 922 centena&
661 865 817 940 nonaginta
830 867 891 926 duo

60 940 141 999 milia
152 937 278 1001 hostium
295 939 362 1000 casa
375 941 441 1000 sunt
446 983 454 1011 ,
484 941 512 997 &
535 937 664 1012 sequitur
677 959 817 1016 quantum
831 944 893 1001 bel·

59 1017 94 1074 lis
108 1015 245 1077 civilibus
262 1025 270 1054 ¹
297 1018 404 1077 viderit
426 1017 522 1076 noluit
541 1016 680 1074 armotari.
700 1017 892 1094 triumphavit

60 1108 181 1167 quater,
207 1110 241 1152 ut
261 1093 321 1152 fere
349 1091 683 1163 omnessuntauuores,
707 1093 761 1153 &²
789 1114 891 1158 centu-

62 1168 156 1228 riones
167 1167 285 1229 tradunt
297 1169 462 1246 quinquies.

97 1245 211 1305 Primus
224 1245 385 1322 triumphus
398 1245 457 1302 fuit
469 1243 504 1302 de
516 1243 609 1303 Gallia
633 1262 661 1304 ar
680 1265 716 1304 ue
730 1247 890 1322 Britannia,

59 1315 137 1396 isque
146 1323 280 1380 omnium
291 1318 605 1380 clariffimus.secundus
612 1263 891 1398 deligyptorertius

59 1394 94 1456 de
117 1396 299 1457 Pharnace&
325 1400 426 1457 Ponto.
452 1410 566 1470 quartus
580 1394 617 1452 de
633 1394 713 1469 juba
726 1401 753 1456 ἃ
776 1400 889 1460 Africa.

60 1472 181 1549 quintus
192 1474 228 1533 de
242 1472 390 1549 Hispania.
417 1473 478 1548 Ego
491 1489 560 1528 vero
574 1468 707 1530 adderem
722 1469 766 1529 his
777 1471 889 1537 sertum

59 1549 93 1608 de
106 1549 252 1623 Maffilia,
275 1550 328 1608 nist
343 1548 421 1627 quod
435 1548 553 1607 forsitan
565 1554 575 1590 ³
601 1545 646 1604 his
660 1548 823 1624 triumphus
836 1553 896 1611 sub·

59 1625 173 1687 Gallico
183 1628 357 1687 continetur.
368 1647 435 1686 nam
449 1619 705 1682 deMalirliaillum
718 1625 890 1705 triumphas-

56 1700 83 1761 se
99 1723 160 1764 non
180 1703 219 1764 est
231 1704 353 1763 dubium
372 1703 527 1776 cuiquam,
553 1702 604 1774 qui
627 1700 796 1772 acerrimam
809 1708 889 1764 illam

57 1779 206 1843 Ciceronis
230 1779 265 1838 de
288 1779 395 1840 Casare
416 1777 561 1852 loquentis
573 1775 785 1848 querimoniam
808 1781 840 1837 in
854 1783 890 1840 li-

58 1855 117 1916 bris
133 1854 310 1916 Officiorum
322 1856 432 1934 legerit,
472 1858 593 1921 taxaris,
619 1847 738 1928 iuquit,
763 1878 793 1911 ac
802 1861 890 1931 perdi·

56 1936 92 1988 tie
104 1935 250 1990 nationibus
262 1940 383 2005 externis,
394 1936 429 1990 ad
441 1930 573 2005 exemplum
589 1933 670 2002 amrffi
679 1933 779 2006 imperii
786 1939 889 2005 portari

56 2014 84 2066 in
96 2012 224 2084 triumpha
236 2012 368 2082 Maffiliam
380 2012 497 2066 vidimus
512 2051 519 2077 ,
546 2002 581 2068 ὅ)
594 2026 624 2060 ex
637 2027 666 2062 ea
677 2010 734 2063 urbe
746 2013 888 2083 triumpha·

55 2091 104 2156 ri,
116 2085 172 2162 stne
193 2106 245 2161 qua
256 2105 382 2159 nunquam
398 2088 472 2159 nostri
487 2091 652 2157 imperatores
669 2103 699 2138 eat
718 2082 889 2158 transalpinis

55 2163 128 2219 bellis
143 2163 338 2237 triumpharunt.
358 2161 392 2219 de
405 2157 547 2220 Thessalia
572 2158 602 2216 δι
614 2155 711 2232 Tapso
726 2158 754 2218 δι
773 2162 889 2222 Munda

55 2236 186 2297 vistoriae
209 2238 356 2317 ingentes,
393 2237 440 2296 sed
465 2233 630 2312 triumphus
664 2236 769 2294 nullus.
797 2239 889 2299 veteri

55 2316 134 2374 enim
173 2334 253 2376 more
280 2315 412 2373 Romano
436 2331 583 2388 nunquam
605 2310 771 2388 triumphus
805 2315 889 2374 civili

56 2389 197 2466 sanguine
210 2391 397 2468 quaerebatur.
440 2389 501 2448 Hi:
524 2389 616 2466 igitur
628 2387 845 2464 triumphorum
859 2391 889 2451 δι

55 2466 201 2527 bellorum
215 2471 243 2525 ἃ
259 2466 403 2526 fundendi
413 2464 561 2543 sanguinis
584 2461 652 2522 finis
663 2464 730 2523 fuit.
770 2465 812 2523 Ita
828 2485 890 2526 tan-

56 2542 124 2602 dem
136 2544 234 2618 longis
246 2543 329 2603 bellis
340 2563 394 2618 pax
408 2545 463 2601 alra
474 2537 644 2601 succellerar.

97 2620 138 2677 Ea
162 2620 280 2694 quidem
306 2618 476 2696 magnitudo
492 2636 604 2684 rerum,
619 2618 646 2675 &
661 2616 771 2675 claritas
783 2617 890 2683 viclori

55 2695 199 2772 gloriam,
218 2715 233 2753 4
253 2717 287 2757 ex
298 2700 382 2756 terris
397 2693 530 2770 gentibus
540 2691 694 2769 stuporem,
707 2690 764 2750 suis
776 2693 902 2760 civibus-

56 2777 180 2833 livorem
203 2773 362 2849 odiumque
373 2785 527 2849 pepererat.
566 2769 724 2828 Neminem
745 2776 891 2832 certecle-

57 2849 197 2921 mentius,
221 2851 365 2910 neminem
387 2848 531 2909 liberalius
543 2844 661 2904 vicloria
674 2844 758 2905 usum
771 2847 890 2924 constat,

58 2925 168 3002 idque5
190 2928 309 2987 maximi
329 2926 396 2985 sunt
421 2924 555 2985 auctores.
586 2921 771 2982 ‘invidebant
784 2941 889 2998 tamen,

470 3000 497 3061 Y
520 3020 533 3075 3
860 3005 893 3066 δε

91 3111 111 3144 1.
132 3098 204 3151 Forte,
218 3097 258 3151 cast
269 3099 354 3155 fuerint
370 3098 490 3155 mimia!
540 3091 728 3154 almarricus·

90 3174 110 3206 2.
129 3163 201 3215 Forte,
213 3160 311 3206 certiorare
475 3158 491 3224 ι’
531 3170 551 3222 53
568 3152 853 3225 Q‘Wff'fiiffimmf

91 3236 113 3276 3.
132 3225 200 3290 iege,
217 3225 262 3280 iaie,
279 3222 316 3270 vel
330 3225 356 3290 is,
487 3221 496 3278 Ι
731 3229 737 3239 “
892 3219 894 3228 ⁴
