2018 3622
168 126 759 235 deviraJotrrOnsrnrs.
808 136 888 246 1=89

59 297 108 338 am
125 281 134 310 ¹
148 297 229 339 carne
242 276 307 349 suae,
325 273 498 367 injuriasque
515 273 641 336 hostium
660 275 794 338 omnibus
809 282 899 355 aperi.

58 373 111 414 ret.
129 374 187 431 quo
197 354 353 444 saelorum
365 354 414 414 sua
423 354 519 414 illrsin
530 353 601 412 locis
612 353 722 413 inutilis
733 374 810 414 mora
820 356 895 433 ellet,

57 433 226 570 lilbdll
242 428 898 584 llll,‘tilutrtbbllrlbllllb

58 585 159 646 visam.
195 586 278 657 cujus
290 584 428 645 adventus
440 583 516 644 fama
532 584 648 660 cognita
662 600 786 663 quantus
799 587 901 646 Romae

58 679 150 722 terror
163 661 251 722 fuerit
264 660 339 721 haud
364 662 446 722 facile
465 661 575 722 dicbrm
600 660 650 733 est,
678 663 771 723 multo
784 663 902 740 quidem

61 739 152 812 major
165 757 250 814 quam
274 737 382 799 neceffe
404 738 476 800 effer.
515 737 606 800 Iratus
617 738 736 815 quidem
757 742 857 801 multis
873 760 903 800 e·

60 834 114 884 rat,
134 815 284 877 &fortasse
297 836 357 876 non
367 818 521 890 immerito,
538 814 587 876 sed
609 816 818 878 iracundiorem
831 819 904 878 erti-

58 893 181 954 mabant.
202 896 356 954 nonenim
376 894 550 965 naturaliter,
570 912 664 972 neque
683 893 733 955 nisr
744 896 856 970 magnis
867 912 905 981 οξ

66 971 155 1031 crusrs
167 971 202 1030 ad
213 971 389 1033 iracundiam
400 991 506 1049 pronus
518 971 584 1032 fuit.

97 1047 190 1108 Venit
199 1068 269 1124 ergo
279 1050 414 1119 Romam,
427 1050 614 1125 senatumque
625 1046 723 1111 babuit
732 1069 766 1110 ex
777 1049 813 1110 iis
823 1050 903 1126 prin·

58 1123 168 1199 cipibus
180 1126 230 1202 qui
243 1125 322 1185 dorni
335 1124 524 1186 substiterant.
545 1126 587 1185 ibi
600 1145 764 1202 perpetuam
778 1129 900 1190 diurna

58 1221 118 1260 ram
132 1203 189 1275 ipse
212 1202 264 1260 srbi
282 1201 330 1261 sua
342 1200 515 1262 authoritate
536 1202 666 1278 arripuit:
695 1204 774 1264 unde
788 1203 902 1265 Caesarie

56 1276 202 1337 dictatoris
213 1296 331 1337 nomen.
352 1280 442 1338 multa
454 1295 569 1356 quoque
576 1276 733 1352 constituit,
750 1278 900 1358 inquibus

56 1372 112 1427 pro
124 1355 187 1432 lege
194 1355 328 1414 voluntas
339 1352 405 1414 fuit.
435 1353 520 1429 vIllud
532 1353 606 1414 inter
619 1355 721 1415 ennea
733 1355 902 1417 memorabi-

52 1431 97 1490 ·le.
117 1448 185 1490 nam
196 1429 324 1489 erarium
347 1428 447 1506 populi
459 1428 585 1491 Romani
608 1429 686 1505 quod
708 1430 902 1505 torritiorie,

57 1522 105 1567 tot
123 1505 216 1566 secula
229 1507 451 1583 compleverant,
469 1526 530 1567 uno
541 1504 588 1566 die
611 1505 742 1570 exhauilt.
772 1507 903 1590 interque

54 1584 111 1645 alia
125 1601 160 1647 ut
173 1583 321 1660 scriptum,
340 1584 461 1660 protulit
474 1590 485 1625 ³
498 1586 534 1646 er'
548 1583 720 1646 cultrorum
729 1586 903 1649 aureliorum

57 1679 145 1723 xxvi.
157 1680 218 1722 non
227 1658 436 1722 thesaurizandi
442 1660 599 1740 eupiditate
609 1659 816 1744 sedlargieotli,
834 1680 902 1727 naor

58 1754 92 1800 ut
104 1739 175 1800 alter
187 1738 236 1813 ait,
255 1758 344 1800 nemo
353 1737 497 1800 liberalius
508 1737 626 1800 viuoria
636 1737 704 1801 usus
714 1738 765 1802 est.
783 1736 857 1803 nihil
867 1739 902 1804 sa·

59 1815 89 1875 bi
101 1817 221 1878 retinuit
231 1832 332 1891 preter
345 1813 523 1894 dispensandi
534 1814 710 1892 potestatem.
886 1860 890 1867 ·

96 1890 265 1970 Compositis
273 1896 358 1955 rebus
378 1893 502 1969 urbanis,
531 1909 566 1953 ut
578 1892 672 1954 visum
687 1891 738 1966 est,
769 1894 901 1960 animum

57 1968 95 2030 ad
111 1984 223 2030 externa
234 1971 385 2044 convenit,
410 1988 495 2049 atque
508 1970 639 2043 inprimis
651 1970 780 2032 Ciciliam
791 1991 824 2033 ac
836 1972 899 2032 Sar·

57 2046 170 2106 diniam
181 2046 239 2107 duo
250 2047 298 2108 illa
310 2047 408 2109 horrea
422 2047 521 2123 populi
534 2048 659 2108 Romani
673 2067 722 2125 per
735 2049 840 2125 legatos
850 2048 901 2108 ad·

56 2121 218 2184 ministrare
231 2123 375 2202 disposuit,
394 2125 431 2185 de
443 2124 535 2185 Gallia
546 2123 620 2185 nihil
643 2124 791 2197 sollicitus,
810 2144 896 2201 quam

56 2200 90 2261 in
103 2200 213 2261 summa
224 2221 290 2279 paee
312 2204 472 2282 reliquerat.
491 2199 579 2260 solans
597 2201 719 2278 respexit
732 2202 900 2278 Hispaniam

55 2277 242 2356 cogitansque
253 2280 449 2356 cumprimum
468 2276 555 2339 elailis
571 2279 765 2354 opponunitas
777 2277 897 2338 affluxis·

55 2354 109 2426 set,
129 2354 257 2433 vestigiis
268 2357 442 2435 Pompeium
451 2353 569 2432 assequi:
588 2355 706 2434 nequid
718 2359 733 2417 l
746 2373 827 2433 tergo
840 2358 899 2415 for·

56 2432 194 2494 midabile
204 2436 356 2510 linqueret,
374 2433 502 2495 decrevit
511 2432 548 2493 ad
559 2431 751 2494 Occidentem
759 2431 897 2510 proficisci

57 2510 107 2570 ubi
121 2509 253 2586 Pompeii
265 2511 355 2586 copiae
374 2512 504 2588 ingentes
516 2527 605 2584 erant,
634 2529 757 2588 quarum
771 2509 898 2584 praesrdio

56 2586 106 2647 ille
123 2603 262 2648 terrorum
271 2588 543 2657 trattustenebatur,
561 2588 613 2648 sub
624 2587 722 2663 legatis
732 2585 831 2656 tribus,
852 2586 896 2645 M.

58 2663 180 2738 Petreio,
198 2664 232 2724 L.
246 2663 379 2736 Afranio,
408 2663 435 2724 ἃ
450 2665 493 2724 M.
508 2663 646 2724 Varrone.
673 2663 710 2721 de
723 2663 826 2738 quibus
838 2678 898 2723 tam

58 2741 249 2815 contemptim
266 2741 402 2802 sentiebat
413 2757 455 2815 ut,
473 2755 604 2802 moturus
614 2740 689 2800 inter
705 2736 900 2811 suosdicerer,

57 2819 127 2877 Vada
136 2816 175 2875 ad
185 2823 320 2879 exereitum
326 2817 380 2894 fine
392 2818 463 2894 duct,
498 2837 556 2876 mort
568 2830 689 2877 reuertar
698 2815 736 2874 od
746 2816 831 2875 ducem
843 2817 899 2893 sorr

365 2922 368 2927 '
777 2912 897 2956 melma

91 3033 114 3065 r.
129 3017 202 3076 Forte,
216 3018 284 3079 caus.
382 3020 385 3025 '
490 3018 569 3064 mirum
592 3013 898 3067 wirmilanorum

48 3108 53 3117 ·
92 3095 113 3126 2.
130 3082 198 3142 Lege,
212 3079 304 3145 afflueret.
420 3132 423 3137 ,
489 3095 590 3143 xxxin,
601 3095 622 3135 3.

93 3158 114 3200 ³·
131 3145 198 3203 urge.
209 3145 302 3205 ,latarum
312 3157 423 3192 arerem
430 3143 461 3190 ri·
