2018 3622
82 141 134 223 16
296 129 447 232 J.Ce1fi
466 138 716 218 Cimmerii
956 28 969 287 i

117 274 208 337 Gallia
219 292 289 352 ergo
312 277 365 337 'in
375 295 476 366 omnes
492 275 852 366 primis-diffusamagnam
871 278 923 340 Eu·
959 298 964 385 ἰ

76 352 772 506 *Adsistit*sssllllil‘fslsllrl
788 356 923 493 {23⁰ss
959 390 964 461 ³

77 452 140 568 idm
149 527 210 586 quae
219 451 404 584 propinqriior
414 507 513 595 llomae
524 524 583 566 erat
589 473 761 583 Cisalpinam
774 515 784 539 ²
794 454 883 571 dicei³
884 526 922 581 ut,

76 587 158 662 quod
173 586 212 644 cis
224 586 311 661 Alpes
324 584 374 674 ipsi
385 600 471 643 etiam
481 581 578 672 essent.
594 659 600 672 ι
628 583 710 672 Illam
723 603 795 673 vero
808 605 873 677 quar
884 608 922 678 re·
960 584 966 645 i

78 657 923 801 ‘lll‘llrllsllll'nlltllstdsll&llll¹llssllss‘

76 759 233 875 sinautem
247 781 363 873 ulterior
382 814 530 874 diceretur.
551 811 629 873 unde
642 781 747 873 hortim
765 786 924 879 nominuni

77 894 205 953 tutiores
215 889 296 950 fuisse
309 892 384 960 illos,
416 894 465 968 qui
479 909 572 950 rerum
592 891 751 965 potirentur
762 893 926 970 faede-qui·

79 969 146 1030 dem
159 966 321 1044 ingeniosus
332 968 417 1027 ledor
428 969 580 1044 intelligat,
599 968 627 1026 δι
641 966 784 1042 Cisalpina
795 988 860 1045 quae
870 972 926 1032 fuit

79 1047 152 1106 olim
165 1046 256 1104 Gallia
269 1044 460 1121 terminosque
480 1044 579 1104 habuit
591 1042 660 1103 hinc
677 1046 872 1119 Apenninum
893 1049 925 1108 ab

78 1121 229 1181 occidente
240 1142 271 1180 ec
284 1121 411 1195 meridie,
431 1122 512 1181 illinc
525 1122 613 1195 Alpes
629 1122 645 1180 ai
658 1120 871 1198 septentrione,
894 1125 927 1186 ab

79 1199 190 1259 oriente
202 1214 298 1258 autem
310 1199 399 1258 smum
413 1199 496 1257 maris
506 1198 656 1267 Adriatici,
676 1196 858 1274 fluviumque
867 1201 926 1261 exi·

79 1292 171 1414 gitium
186 1276 376 1345 Rubiconem,
395 1276 446 1351 qui
458 1274 533 1333 haud
549 1277 647 1349 procul
661 1275 802 1361 Arimin9
815 1277 867 1352 ipss
886 1279 928 1338 A·
967 1284 969 1303 '

116 1355 200 1414 iatico
218 1355 287 1413 mari
305 1353 333 1412 δι
353 1353 509 1427 Apennino
533 1351 720 1422 infunditur,
752 1370 818 1430 quae
830 1357 928 1415 multis
968 1370 969 1375 ’

79 1431 248 1510 magnisque
259 1429 509 1505 urbibusinsrgrris,
527 1429 625 1488 multis
636 1430 708 1487 clara
716 1425 887 1491 fluminibus
895 1450 926 1493 ac

78 1507 199 1567 lacubus
218 1529 267 1583 per
284 1507 411 1570 nredium
425 1507 511 1579 Pado,
543 1525 629 1582 quem
643 1505 735 1565 Graeci
759 1506 925 1582 Eridanum,
969 1558 970 1563 ,

80 1601 195 1652 vocant,
214 1585 291 1659 regio
305 1604 388 1642 amne
401 1582 590 1658 distinguitur.
639 1582 696 1641 Hic
708 1583 826 1658 inquam
839 1586 928 1646 ambi·

80 1673 127 1716 tus
138 1674 275 1717 tetrarum
286 1660 342 1730 iam
353 1680 413 1719 non
426 1659 523 1717 Gallice
534 1658 581 1718 sed
593 1657 680 1716 Italiee
691 1678 753 1733 pars
764 1658 815 1721 est.
833 1661 927 1723 Tran·
969 1685 970 1725 l

79 1733 215 1808 salpinam
227 1754 296 1793 vero
305 1733 361 1793 srve
373 1735 537 1794 ulteriorem
549 1735 670 1793 Galliam
677 1733 885 1813 Cosmograplri
897 1739 924 1798 dt
969 1736 970 1779 i

80 1806 219 1869 Historici
234 1810 310 1869 varie
322 1809 489 1884 diviserunt,
519 1830 605 1886 quam
616 1830 686 1884 rem,
716 1814 795 1887 quod
808 1815 837 1875 δι
850 1814 925 1891 apud

80 1906 130 1959 eos
142 1887 203 1946 satis
216 1886 332 1946 obscura
347 1885 396 1958 eli,
425 1886 454 1946 δι
468 1904 502 1946 ur
515 1886 613 1946 clarior
626 1886 713 1957 fieret,
739 1890 866 1962 plurium
881 1892 925 1952 in·

80 1964 192 2040 digeret
205 1965 365 2036 verborum,
391 1963 510 2023 transeo.
549 1963 639 2038 Quod
657 1965 730 2023 inter
744 1984 846 2027 ornnes
857 1987 928 2029 con·

80 2045 163 2104 venit
175 2042 214 2114 or,
225 2039 303 2119 quod
317 2059 416 2100 verum
430 2059 503 2112 reor,
514 2040 667 2116 attigerim,
679 2040 820 2103 universae
831 2043 924 2104 Tran-

80 2119 193 2194 salpinae
205 2120 305 2179 Galliae
324 2117 394 2177 fines
406 2138 436 2176 ac
458 2117 588 2193 spatium,
608 2116 688 2177 fuisse
701 2117 733 2175 in
746 2119 869 2196 longum
891 2121 926 2180 ab

81 2199 204 2271 Alpibus
214 2197 300 2254 Italiae
319 2196 353 2253 ad
367 2193 518 2254 Oceanum
529 2194 724 2254 Britannicum
738 2201 747 2234 ³
761 2196 927 2275 Pirivesque

80 2289 194 2334 montes
204 2275 253 2348 qui
262 2274 358 2332 Gallos
368 2271 509 2331 dirimunt
518 2270 552 2329 ab
563 2269 695 2344 Hispanis
705 2298 713 2344 ;
731 2271 762 2331 in
773 2275 864 2336 latum
877 2294 926 2334 ve·

80 2370 115 2409 ro
134 2353 263 2410 amnibus
282 2348 386 2408 Rheno
405 2367 436 2407 ae
462 2346 584 2411 Rodano
602 2349 777 2424 geminoque
797 2352 871 2411 mari
892 2352 924 2412 in

80 2427 158 2500 quod
166 2427 284 2486 llumina
292 2425 351 2503 ipsa
362 2422 548 2496 descendunt,
559 2423 677 2494 Oceano
686 2425 791 2486 scilicet
802 2448 836 2487 ac
845 2427 924 2503 Tyr·

80 2522 160 2572 reno,
179 2501 304 2579 patriilse,
323 2520 352 2562 at
362 2503 393 2562 in
405 2503 538 2573 circuitu,
557 2518 592 2561 ut
603 2501 926 2580 Suetonius-Tranquil-

79 2578 125 2637 lus
138 2579 186 2648 air,
214 2580 248 2638 ad
264 2580 310 2638 bis*
326 2578 353 2638 &
370 2579 466 2639 tricies
483 2595 602 2639 centena
615 2579 697 2638 milia
708 2578 842 2656 passuum.
881 2581 926 2647 Ex

80 2655 214 2713 omnibus
224 2654 288 2714 sane
299 2655 485 2716 divisionibus
496 2657 557 2729 ejus
565 2675 597 2718 ac
628 2656 741 2729 artibus,
761 2674 848 2716 unam
856 2657 927 2718 Gal·

78 2731 149 2792 liam
162 2732 303 2806 Belgicam
317 2730 420 2792 dietam
432 2731 549 2793 constat.
632 2752 648 2792 e
659 2735 743 2809 cujus
755 2733 860 2794 linibus
873 2736 924 2797 etsi
940 2761 949 2771 ·

80 2808 192 2866 varient
217 2806 385 2881 scriptores,
414 2807 651 2880 hoctenendum,
681 2807 810 2871 habitasse
822 2811 925 2887 Belgas

81 2883 178 2943 Gallos
192 2883 226 2942 ad
243 2880 378 2943 sinistram
389 2885 487 2946 ereni
498 2886 599 2962 ripam,
632 2887 684 2948 ubi
695 2886 819 2947 maxime
830 2886 867 2946 ad
879 2887 925 2948 0-

79 2978 202 3022 cemum
214 2958 428 3036 appropinquet,
455 2963 507 3036 qui
519 2963 597 3024 enim
610 2963 744 3026 dextrum
755 2964 826 3026 letus
838 2985 923 3103 aleco-

857 3060 930 3117 unt,t

114 3157 134 3192 r.
155 3140 246 3192 vitetur
256 3140 383 3201 legendum,
405 3158 448 3209 qur
465 3144 489 3192 r'n
549 3160 569 3191 a,
584 3148 651 3203 Lege,
666 3145 761 3192 dicerent.

79 3221 216 3278 stamperto
229 3205 314 3274 diffusa.
547 3222 567 3261 s·
583 3209 650 3270 Lege,
666 3207 800 3272 speresque.
