2018 3622
121 128 203 250 184
260 156 287 200 ·“
337 141 368 239 J.
385 136 487 224 Celsa
504 144 757 222 Commentaril

116 295 183 343 lum
209 279 345 353 domurn,
360 281 432 344 'aliis
457 280 494 342 ad
522 279 657 341 Caesarem
688 281 717 340 se
740 281 965 349 conferentibus.

116 362 191 437 'quos
200 360 259 439 ipse
273 356 576 495 collaudatusbenifne
587 357 718 432 suscepit,
731 357 760 418 δι
772 359 804 417 L.
816 359 962 438 Puppium

117 438 315 497 centurionem
330 438 413 512 partis
430 435 516 496 adver
529 456 552 494 ae
566 434 601 494 ad
615 434 642 493 se
653 434 809 495 adductum
829 437 904 498 illico
918 462 963 501 re·

117 512 249 587 laxarier
262 513 368 574 dimitti
384 514 473 587 jubet.
512 511 687 573 Auximium
700 511 837 587 ingrelsus
849 514 960 578 civibus

117 590 220 680 gratias
240 592 309 668 agit,
327 606 410 668 atque
423 591 541 650 illonrm
560 607 625 665 erga
648 608 714 648 eum
729 589 871 650 charitatis
883 591 960 655 haud

116 687 317 729 inmemorem
342 666 370 726 se
392 666 523 727 futurum
550 664 678 741 spondet.
718 667 835 742 Quibus
858 669 961 732 Rornae

118 746 254 820 cognitis,
275 748 409 804 'tantum
422 763 510 819 pavor
523 745 654 803 omnium
668 761 777 803 mentes
796 745 912 820 invasit,
929 768 962 811 ut

118 824 188 882 urbe
201 823 260 882 fere
272 840 370 883 omnes
394 821 578 892 excederent3
598 820 706 898 ipsrque
720 819 861 896 consules,
879 842 961 903 atque

117 899 178 972 ipse
191 898 359 974 Pompeium
379 899 472 959 adum
487 896 543 956 suis
555 897 591 956 de
605 897 686 956 rebus
697 897 856 973 opinantes,
877 902 906 962 δι
928 924 960 965 ex

114 977 204 1036 unius
224 975 421 1052 opidieventu
443 974 538 1034 omnia
559 975 717 1034 metientes.
745 977 855 1038 mirum
868 975 959 1052 valde,

116 1052 197 1110 unde
214 1053 246 1113 in
268 1069 326 1112 tam
346 1052 439 1131 parvis
451 1051 553 1111 animis
571 1067 630 1111 tam
648 1071 751 1128 magna
768 1052 911 1128 superbia,
928 1075 960 1118 ut

114 1128 178 1200 'ejus
198 1127 251 1188 viri
270 1127 386 1190 meritos
394 1127 516 1188 honores
529 1147 562 1188 ac
574 1128 694 1203 gloriam
707 1144 767 1190 tant
782 1132 960 1206 pertinaciter

111 1202 312 1276 iletreiiarent,
332 1207 415 1282 cujus
427 1226 481 1266 nec
493 1204 675 1281 conlpedlum
689 1225 765 1266 certe
782 1229 821 1266 ne
836 1215 845 1240 ²
862 1211 963 1270 vicini·

118 1301 163 1341 arn
187 1282 244 1355 pati
259 1280 377 1360 pollent,
396 1284 424 1343 bt
437 1283 565 1359 patriam,
586 1281 714 1342 &talem
728 1285 857 1358 patriam,
870 1286 959 1348 solum

113 1358 155 1418 ad
168 1359 246 1420 illius
264 1380 371 1421 nomen
384 1358 538 1422 universali
555 1360 717 1421 animorum
734 1359 962 1425 consternatione

119 1435 355 1499 desererent-'sed
377 1436 497 1515 urgebat
521 1437 590 1498 hinc
615 1434 741 1510 invidia;
773 1438 843 1498 inde
866 1458 960 1502 autem

117 1512 241 1577 terrebat
250 1515 325 1576 frma
337 1515 404 1587 viri,
422 1534 484 1592 quae
498 1515 622 1594 eousque
639 1530 773 1588 creverat,
792 1533 827 1576 ut
837 1518 962 1578 clemen·

118 1589 240 1677 tiffimus
262 1591 410 1664 omnium,
440 1611 497 1667 pre
518 1592 653 1654 omnibus
667 1606 750 1671 atque
774 1592 810 1654 ab
825 1594 962 1656 omnibus

118 1682 274 1727 timeretur.
568 1706 570 1709 ·

159 1743 214 1802 His
233 1743 268 1802 ad
288 1742 441 1806 Auxinum
464 1740 570 1825 gellis:
598 1744 739 1807 Picenum
755 1761 852 1816 omne,
873 1746 962 1820 cuius

117 1819 345 1894 olim-Esculum,
364 1820 450 1881 bodie
462 1822 568 1883 Ancon
581 1821 623 1884 est
632 1834 731 1898 caput,
740 1820 822 1879 nullo
834 1821 959 1897 usquam

117 1897 329 1959 contradicente
354 1915 529 1976 pervagatur.
573 1898 629 1960 Sed
644 1896 750 1960 cuniiis
763 1897 813 1957 libi
836 1899 960 1967 urbibus

109 1991 202 2053 atque
227 1976 320 2052 opidis
337 1976 452 2036 obviam
466 1977 644 2038 mittentibus
659 2000 669 2049 3
690 1972 818 2053 Cingulo
831 1995 961 2055 quoque,

118 2053 197 2127 quod
207 2054 326 2131 opidum
339 2054 391 2115 suo
403 2053 517 2128 sumptu
532 2054 673 2114 Labienus
684 2069 854 2125 extmxerat,
864 2056 961 2131 legati,

119 2131 239 2193 auctoris
251 2134 444 2205 immemores,
462 2130 597 2191 Celerem
609 2130 755 2204 adeuntes,
780 2129 810 2191 se
824 2131 960 2208 imperata

117 2207 240 2268 failuros
259 2209 434 2280 obtulerunt,
451 2224 538 2286 atque
550 2206 700 2283 imperanti
714 2208 821 2268 milites
833 2211 958 2270 alacriter

100 2286 278 2357 'paruerunt
303 2285 408 2344 diffuso
433 2284 605 2346 metulimul
629 2284 660 2342 bc
683 2281 763 2344 fama
787 2285 958 2359 virtutis&

101 2363 235 2437 ·vulgato
258 2359 361 2421 horum
386 2362 421 2421 de
444 2362 548 2440 quibus
571 2358 695 2421 diximus
721 2362 825 2437 exitu;
857 2382 959 2425 caeteru

93 2458 105 2519 j
117 2454 217 2498 omnes
223 2437 547 2518 sequebanturundiqne
553 2437 722 2499 deditiones.
741 2439 771 2499 dc
785 2439 805 2499 sr
817 2442 882 2524 quis
893 2462 959 2518 prae·

115 2512 257 2577 festorum
269 2516 473 2576 contradiceret
486 2515 647 2591 capiebatur
656 2530 705 2574 aut
718 2517 882 2590 pellebatur.
917 2519 958 2578 lta

115 2593 214 2666 pulsus
231 2614 266 2655 ex
284 2595 392 2655 Etruria
404 2594 488 2667 Libo,
501 2592 650 2654 Thermus
661 2611 695 2653 ex
707 2592 837 2665 Umbria,
856 2593 958 2655 Esculo

115 2670 270 2743 Lentulus,
301 2690 398 2748 captus
411 2670 506 2730 Cneus
517 2670 637 2747 Magius
656 2670 801 2808 'areleffi
814 2669 907 2728 ambo.
929 2671 958 2732 δι

97 2758 184 2804 'cum
202 2748 318 2821 Magius
332 2749 365 2808 ad
379 2748 515 2811 Cesarem
529 2747 633 2809 dubius
646 2767 661 2806 e
698 2763 759 2822 t,ac
771 2743 879 2805 fortalle
889 2746 958 2824 sup-

113 2822 235 2899 plicium
248 2825 423 2894 formidaret,
434 2823 598 2884 Caesareum
608 2823 724 2901 placido
733 2823 829 2885 mino
839 2822 956 2886 dimisit.

105 2902 149 2971 ¹lie
161 2896 242 2968 vade,
266 2900 369 2975 inquit,
396 2900 434 2954 ad
450 2905 601 2975 Pampejum‚
621 2907 694 2985 eique
714 2921 774 2959 mers
786 2901 874 2958 uerbis
898 2923 960 2959 ntur·

115 2977 154 3028 ria
168 2992 176 3028 .·
203 2990 319 3049 quomam
333 2974 370 3030 ad
385 2974 449 3032 hunc
461 2974 530 3034 diem
542 2974 627 3050 facerit
643 2978 713 3038 nabis
725 2981 879 3057 oportunitas
892 2984 958 3072 colos

148 3161 171 3197 Ι·
192 3149 262 3205 ms
276 3154 357 3199 mm·
857 3058 956 3131 qum,

146 3228 168 3269 a,
186 3212 257 3269 Forte,
271 3211 419 3260 mcviciaiam·
509 3205 516 3239 ·’
