2018 3622
24 3360 47 3408 Ι

84 104 166 285 r94
269 174 301 271 J'.
315 164 418 254 Celsi
447 173 695 251 Commentarii

80 317 178 390 legato
188 307 303 370 Caesaris
317 304 463 380 venillinn
493 305 614 373 &arte'
631 302 767 365 Celitum
781 305 837 386 qui
848 308 922 372 Pom·

82 394 184 469 pejana
206 386 284 448 clalle
302 385 483 463 navigabant,
513 383 629 443 funibus
647 383 818 460 illaqueatae
837 386 922 459 essent,

83 466 201 544 reliquis
212 464 363 539 adiuvante
374 461 440 522 aestu
453 463 535 523 maris
548 458 739 520 evadentibus
756 509 765 535 ,
797 485 852 525 um
861 465 923 537 sola,

85 544 194 620 Opitur
215 543 259 602 nis
273 541 366 602 nautis
376 540 442 612 aila,
463 540 573 599 exitum
586 557 647 598 non
660 538 794 616 invenit,
820 541 865 602 sed
874 542 920 601 cir·

84 562 214 681 eumfuli
227 620 316 680 totius
333 616 459 677 hostiurn
473 617 612 676 exercitus
623 614 769 694 usquead
790 620 922 697 vesperam

87 698 239 774 impetum,
270 706 355 775 atque
375 714 461 754 omne
480 693 626 753 millrlium
647 711 744 768 genus
758 696 922 758 invidlavir·

87 790 150 836 tute
162 773 284 852 pertulit.
334 771 465 851 Cumque
479 791 532 832 nec
553 771 622 847 fuga
644 789 765 845 pateret,
792 796 847 836 nec
859 775 920 834 ullus

87 852 116 914 se
137 851 262 928 superior
278 850 320 911 rei
331 847 572 920 finis'pllenderet,
603 846 744 911 suadente
758 872 809 926 per
823 853 917 917 nollem

87 929 203 990 tribuno
226 928 352 988 militum
363 926 495 999 VulteiO,
523 928 605 999 nain
640 926 796 990 otestatern
809 929 915 989 holliuru

87 1005 241 1078 uenirent3
273 1025 355 1065 mane
368 1004 497 1080 proximo
518 946 670 1062 viiiorifius
684 1004 754 1085 ipl'rs
776 1006 918 1082 spellaculo

86 1082 224 1153 attonitis,
254 1081 311 1141 sese
324 1102 422 1142 omnes
441 1080 606 1141 vulneribus
619 1082 731 1142 mutuis
744 1084 922 1163 peremerunt.

87 1160 122 1219 Et
144 1157 289 1218 Dolabella
303 1161 334 1219 in
347 1159 449 1219 eodem
470 1179 581 1237 equore
602 1156 719 1220 clallem
738 1159 864 1237 perdidit,
892 1159 919 1219 dt

86 1234 197 1296 Curio²
214 1237 248 1295 R.
262 1237 334 1312 pleb.
348 1234 542 1297 audacillrmus
556 1236 610 1308 vir,
629 1256 697 1295 cum
710 1237 806 1300 millus
816 1239 831 1298 i
841 1236 919 1298 Cela·

89 1314 162 1375 rein
181 1313 310 1375 Africam
332 1313 459 1388 veniffet,
490 1314 638 1390 primoque
664 1313 797 1376 adventu
811 1314 917 1389 Varum,

89 1391 140 1471 'qui
153 1410 203 1468 pro
215 1390 351 1468 Pompeio
363 1392 406 1453 illi
420 1399 429 1432 ³
443 1408 501 1453 erat
511 1391 673 1471 provincie,
702 1392 815 1455 vidium
831 1394 917 1469 prelio

89 1468 246 1547 'effirgallen
276 1468 461 1531 adolescentia
477 1485 560 1547 atque
573 1468 661 1528 animi
675 1470 875 1547 magnitudine
884 1468 919 1531 ln·

89 1546 148 1618 sita,
178 1565 257 1608 nunc
269 1568 336 1608 vero
349 1547 464 1607 vidioria
482 1567 513 1606 ac
526 1546 629 1607 fiducia
641 1549 733 1610 elatus
747 1549 777 1610 8t
789 1550 920 1622 incautus,

89 1620 189 1698 alJuba
201 1642 230 1682 re
252 1643 267 1682 e
284 1621 424 1700 opprellus
435 1626 589 1685 exercitum
610 1626 713 1686 amisit.
748 1625 918 1705 eumquefu·

89 1716 155 1775 gere
168 1719 206 1774 po
227 1717 265 1771 et,
294 1701 369 1761 mori
384 1703 487 1761 maluit
499 1702 598 1779 sponte
623 1711 635 1744 ⁴
655 1702 705 1765 sua
719 1725 794 1784 quos
809 1704 843 1765 ad
852 1723 921 1765 mor·

89 1791 148 1836 tem
167 1776 286 1844 secutus.

128 1853 270 1915 Hallenus
282 1853 355 1932 quasr
371 1853 538 1930 quibusdam
558 1857 698 1932 praeludiis
705 1860 862 1937 'gerebatur
871 1859 923 1918 bel·

88 1929 170 1994 lum:
199 1931 303 1993 crebrae
315 1930 383 1992 hinc
395 1932 527 2006 vidioriae,
555 1935 636 2001 illinc
656 1936 735 2012 firgae
754 1955 841 2018 atque
853 1936 924 1997 dedi·

89 2011 192 2083 tiones,
211 2011 309 2089 proelia
327 2027 422 2070 autern
441 2031 505 2069 rara.
524 2010 573 2071 sed
586 2015 641 2087 jam
654 2013 772 2075 tandem
785 2033 923 2078 tantorum

90 2095 102 2131 ⁵
123 2089 301 2151 collisronum
316 2105 449 2148 motuum
467 2088 579 2149 differre
596 2091 718 2165 amplius
733 2093 850 2155 fortuna
869 2113 923 2152 non

90 2182 206 2246 poterat.
239 2164 307 2242 Jam
324 2164 475 2240 Pompeius
498 2166 611 2243 Epirum
639 2188 842 2245 occupaverat,
868 2171 923 2230 ido·

88 2263 172 2303 neam
194 2243 271 2302 bello
288 2240 384 2301 sedern
403 2246 486 2316 ra'tus,
506 2264 541 2303 eo
555 2240 643 2304 Cesar
656 2245 868 2324 insequendum
879 2248 924 2307 ho·

89 2317 161 2377 llem
174 2317 277 2378 statuit.
298 2318 326 2377 δι
339 2321 467 2395 quamvis
480 2320 573 2382 adhuc
584 2323 666 2397 inops
678 2327 813 2399 navium,
831 2346 924 2407 quam-

88 2396 133 2453 vis
146 2394 259 2454 adversa
285 2393 398 2473 hyeme,
426 2413 519 2459 tantus
544 2417 602 2460 erat
620 2399 702 2460 ardor
725 2404 827 2477 animi,
855 2419 925 2463 tanta

89 2469 101 2502 ⁶
129 2472 274 2547 cupidinis
300 2474 444 2546 bellandi,
474 2499 521 2551 per
545 2477 650 2537 medias
679 2482 772 2556 pelagi
796 2486 925 2558 procellas

84 2551 101 2592 '⁷
119 2542 187 2617 balli
210 2550 392 2611 tumultuaria
416 2554 494 2614 clalle
510 2556 721 2629 transfretavit,
751 2553 847 2635 ne'que
861 2578 925 2620 vero

84 2628 224 2707 prosperis
237 2642 328 2708 neque
347 2630 464 2691 adverlls
485 2633 519 2691 lic
533 2635 580 2691 vel
596 2634 690 2711 inflari
709 2637 800 2711 potuit
818 2641 863 2696 vel
876 2639 926 2695 ira·

87 2704 149 2775 sci,
184 2725 216 2767 ut
235 2707 413 2783 ai'propnsrro
428 2711 500 2786 picis
512 2711 640 2770 animum
656 2710 822 2782 diverteret;
854 2716 925 2791 quin

88 2780 220 2842 bellando
241 2802 336 2855 pacem
346 2790 495 2860 rogitaret,
526 2806 643 2864 eamque
664 2792 745 2848 omni
766 2805 822 2865 quo
837 2786 924 2864 pod'et

87 2850 180 2915 studio
192 2876 360 2933 procuraret.
384 2864 468 2945 ¹quad
485 2864 620 2924 curioliut
640 2885 753 2943 propter
767 2869 830 2929 illos
851 2867 924 2954 dico,

879 2964 923 3021 qul

121 3065 141 3100 1.
157 3056 224 3112 Lege,
237 3055 328 3108 cilicum,
343 3063 410 3120 quiin
552 3078 571 3116 5·
591 3068 657 3122 tege.
674 3070 798 3122 collr'slmm.

119 3135 140 3167 2.
158 3121 227 3172 Forte,
245 3120 336 3167 tribunus
352 3128 418 3184 pltris.
549 3133 562 3171 6
586 3132 656 3185 Lege,
672 3126 750 3183 cupida.

120 3200 140 3237 3·
157 3186 228 3242 Fortu,
240 3196 329 3234 praerat.
549 3203 572 3247 7.
587 3192 659 3252 Forte,
675 3197 756 3244 ruam.

116 3264 137 3308 ⁴·
157 3251 230 3310 rone,
240 3247 286 3310 ficos
296 3246 364 3314 usqua.
499 3208 506 3306 Ι
