2018 3622
143 123 768 226 deViiaJuinCnsiirs.
844 157 901 242 33

101 272 157 336 His
177 273 339 334 rumoribus
357 268 445 332 Caesar
457 268 635 346 experrellur
648 287 685 328 ne
707 271 904 351 coniungendi

61 352 154 430 copias
165 351 243 412 daret
256 349 385 411 hostibus
402 346 533 426 spatium,
552 343 901 424 expeditillimedispot'irii

61 430 164 504 quaein
175 421 828 500 remerantsestinanti'agmineinAriovissum
839 446 903 501 pio-

57 504 198 571 ficiscitur.
207 507 267 581 jain
276 503 367 563 tridui
376 503 428 563 iter
436 517 565 579 exegerat
573 498 690 562 'dume
725 496 904 564 ellirmillnm

61 579 166 642 finibus
176 581 316 641 adnobile
327 579 520 657 Sequanorum
532 578 672 656 oppidum
719 575 910 641 esuncionem.

62 657 264 734 occupandum
275 657 386 732 ingenti
404 676 470 718 cum
487 655 610 718 exercitu
623 673 775 732 properare
788 673 907 730 compe·

63 733 114 795 rit.
160 733 251 817 Quod
268 732 381 795 summo
397 734 448 795 fibi
474 731 569 794 studio
591 729 808 808 prohibendum
829 748 906 792 ratus
967 776 972 786 .

62 825 133 885 erat,
149 829 221 872 cuni
238 813 316 872 locus
335 810 509 872 &fluminis
527 809 649 884 ambitu,
674 809 704 871 δι
716 808 768 870 ubi
793 807 912 869 flumen.

62 904 132 949 eum
143 885 265 962 deserit,¹
277 902 410 950 montana
431 907 493 949 arce
513 885 720 961 validissimum
739 883 905 962 insuper&

60 984 164 1045 terum.
179 966 260 1043 oopi'a
279 965 361 1027 bellis
371 963 546 1044 aptilsrmur:
567 961 656 1026 fletiit
673 964 737 1038 iter,
757 963 787 1025 δι
806 961 905 1024 nostes

61 1041 161 1105 diebus
173 1042 350 1117 interserens,
373 1042 509 1103 maximis
527 1039 674 1103 itineribus
683 1038 919 1105 Vesunciouem-

60 1135 126 1183 ante
146 1122 221 1199 regis
242 1121 400 1183 adventum
415 1118 558 1196 pervenit,
582 1118 700 1194 opidum
721 1116 903 1203 introgressus

60 1195 190 1271 praesidiis
202 1199 350 1275 oportunis
363 1196 466 1258 firmat.
505 1193 563 1257 Hic
575 1214 657 1256 vero.
667 1197 823 1261 exercituin
841 1197 903 1259 Ro·

61 1292 180 1334 inanum
192 1274 367 1336 incredibilis
387 1292 495 1345 tumor,
514 1288 678 1351 tremorque
695 1279 706 1304 ²
724 1272 902 1348 persuaserat,

62 1346 180 1410 initium
205 1349 318 1410 trahens
340 1352 356 1410 *a
381 1348 559 1426 quibusdam,
580 1349 641 1424 qui,
658 1364 694 1410 ,ut
706 1346 749 1421 fit,
767 1346 904 1421 Caesarem

64 1443 127 1485 non
138 1424 192 1484 nili
203 1426 334 1485 amicitiae
353 1426 415 1497 iure
435 1422 586 1500 prosecuti,
603 1422 735 1501 belloque
754 1424 903 1500 inexperti,

62 1516 152 1580 atque
163 1498 229 1559 ideo
234 1499 269 1559 arl
282 1502 378 1561 omnia
385 1499 568 1577 trepidantes„
575 1499 672 1562 Gallos
682 1500 818 1576 praecipue
831 1519 905 1561 mera

63 1594 175 1640 catores
184 1575 221 1638 de
240 1576 313 1638 statu
327 1575 451 1640 hostium
463 1575 566 1650 assidue
578 1572 769 1658 inquirebant.
794 1576 904 1648 audita·

63 1673 123 1736 que
135 1657 212 1716 mole
223 1674 385 1733 corponrm,
397 1676 430 1718 ac
442 1655 549 1719 virtute
561 1654 591 1716 δι
602 1654 774 1731 experientia
784 1654 910 1729 Genna-a

64 1751 192 1806 riorum,
225 1731 412 1820 quotiensque
442 1752 510 1797 cuin
543 1731 587 1794 his
617 1732 768 1794 Gallorum
797 1733 915 1811 exerci3‹

64 1822 111 1870 tus
126 1808 340 1883 concurrissent,
357 1807 538 1902 conspedtum
550 1826 651 1870 eorum
663 1810 783 1875 tolerer·
801 1807 922 1886 nequii¹

62 1883 149 1959 ville,
172 1888 321 1965 ingentem
351 1886 537 1948 formidinem
571 1900 669 1947 mente
690 1902 904 1966 'concepennu

61 1963 211 2041 territique
233 1967 302 2025 alios
320 1964 468 2028 terrebant.
501 1963 626 2039 jamque
639 1961 721 2021 velut
734 1963 904 2039 contagione

62 2039 186 2117 quadam
199 2043 268 2101 totis
279 2039 370 2100 castris
381 2040 470 2102 effuso
483 2057 573 2112 metu,
592 2038 641 2097 alii
662 2037 796 2098 simulatis
818 2038 905 2100 caulis
934 2096 939 2102 .

61 2114 217 2178 neceffariae
228 2117 409 2194 profedlionis
421 2115 580 2177 missionem
591 2113 841 2192 flagitabant,alios
852 2136 904 2191 pu·

62 2194 117 2254 dor
129 2193 205 2257 solus
215 2194 391 2267 continebat,
408 2193 457 2254 sed
468 2191 577 2253 tristitia
589 2192 645 2251 oris
659 2190 687 2250 δι
700 2191 850 2253 interdum
861 2194 904 2266 ln·⁴

63 2270 190 2348 chrymis
203 2275 342 2334 metum³
359 2270 597 2350 concordiamque
605 2265 777 2329 testantibus.
798 2269 827 2328 δι
845 2271 903 2346 jam

63 2348 147 2424 vulgi
158 2347 311 2422 trepidatio
318 2348 353 2407 ab
364 2356 379 2391 ⁴
390 2347 561 2409 inhabitibus
575 2345 609 2406 ad
618 2346 748 2429 egregios
761 2347 836 2408 viros
847 2346 903 2407 ser·

62 2443 132 2499 pens
144 2426 348 2486 centurionum
358 2444 472 2506 quoque
490 2425 518 2485 δι
530 2424 657 2485 militum
669 2422 831 2485 femininos
842 2426 903 2485 ani-

63 2520 129 2561 mor
138 2501 277 2576 attigerat.
296 2501 326 2560 &
343 2521 414 2578 quos
432 2502 514 2561 fateri
527 2517 637 2560 metum
657 2501 827 2562 verecundia
841 2523 901 2564 non

63 2577 177 2652 sinebat,
196 2597 255 2638 non
268 2576 295 2638 se
309 2576 418 2639 hostem
427 2577 587 2650 formidate,
606 2575 653 2637 sed
662 2578 801 2655 angustias
820 2579 901 2640 silvo-

63 2652 163 2716 strium
176 2657 315 2728 locorum,
334 2657 553 2733 perplexumque
577 2653 760 2729 lunariter,
784 2656 901 2719 &diffi-

63 2733 199 2793 cultatem
212 2749 435 2806 commeatuum,
452 2727 589 2792 dicebant.

103 2809 174 2870 llaee
195 2809 230 2868 ad
244 2807 382 2870 Coesarem
395 2830 462 2871 cum
479 2810 563 2869 relata
582 2805 676 2882 essent,
702 2830 766 2871 non
784 2810 899 2887 ignatus

61 2903 202 2962 quantum
213 2885 245 2946 in
255 2886 513 2948 animishominum
523 2882 589 2945 falsa
600 2887 686 2946 etiarn
699 2885 779 2963 pollit
789 2890 898 2963 opinio,

58 2963 273 3040 quimpiimum
293 2963 344 3030 hos
360 2981 480 3028 terrores
496 2979 629 3029 excutere
649 2962 782 3038 instituit,
809 2965 899 3040 prins·

630 3118 633 3125 .
811 3056 896 3117 quam

97 3158 118 3191 ι.
136 3143 206 3200 lete,
220 3157 276 3190 cum.
526 3154 546 3196 3,
562 3142 635 3193 Forte,
648 3140 810 3202 urardiamqiie.
857 3130 865 3147 ⁶

95 3221 120 3254 a.
138 3205 334 3267 Lesse,pervafitm
498 3232 503 3243 ·
523 3221 546 3266 4.
562 3203 770 3263 Fouendum.
880 3218 886 3230 ·
