<?xml version="1.0" encoding="UTF-8"?>
<!DOCTYPE html PUBLIC "-//W3C//DTD XHTML 1.0 Transitional//EN"
    "http://www.w3.org/TR/xhtml1/DTD/xhtml1-transitional.dtd">
<html xmlns="http://www.w3.org/1999/xhtml" xml:lang="en" lang="en">
 <head>
  <title>
</title>
<meta http-equiv="Content-Type" content="text/html;charset=utf-8" />
  <meta name='ocr-system' content='tesseract 3.04.00' />
  <meta name='ocr-capabilities' content='ocr_page ocr_carea ocr_par ocr_line ocrx_word'/>
</head>
<body>
  <div class='ocr_page' id='page_1' title='image "./devitaetrebusge00celsgoog_0129.png"; bbox 0 0 2018 3622; ppageno 0'>
   <div class='ocr_carea' id='block_1_1' title="bbox 123 126 764 246">
    <p class='ocr_par' dir='ltr' id='par_1_1' title="bbox 123 126 764 246">
     <span class='ocr_line' id='line_1_1' title="bbox 123 126 764 246; baseline -0.025 -23"><span class='ocrx_word' id='word_1_1' title='bbox 123 159 204 246; x_wconf 84' lang='lat'>124</span> <span class='ocrx_word' id='word_1_2' title='bbox 344 133 376 229; x_wconf 85' lang='lat' dir='ltr'>J.</span> <span class='ocrx_word' id='word_1_3' title='bbox 393 126 495 213; x_wconf 81' lang='lat' dir='ltr'>Celsr</span> <span class='ocrx_word' id='word_1_4' title='bbox 512 133 764 210; x_wconf 63' lang='lat' dir='ltr'>Commentariis</span> 
     </span>
    </p>
   </div>
   <div class='ocr_carea' id='block_1_2' title="bbox 107 261 963 3252">
    <p class='ocr_par' dir='ltr' id='par_1_2' title="bbox 108 261 963 649">
     <span class='ocr_line' id='line_1_2' title="bbox 114 261 963 346; baseline -0.001 -20"><span class='ocrx_word' id='word_1_5' title='bbox 114 267 209 346; x_wconf 67' lang='lat' dir='ltr'>effinse</span> <span class='ocrx_word' id='word_1_6' title='bbox 232 266 390 326; x_wconf 74' lang='lat' dir='ltr'>diverticula</span> <span class='ocrx_word' id='word_1_7' title='bbox 400 267 463 340; x_wconf 79' lang='lat' dir='ltr'>stat.</span> <span class='ocrx_word' id='word_1_8' title='bbox 499 265 607 340; x_wconf 77' lang='lat' dir='ltr'>Siquis</span> <span class='ocrx_word' id='word_1_9' title='bbox 630 261 662 335; x_wconf 82' lang='lat' dir='ltr'>cst</span> <span class='ocrx_word' id='word_1_10' title='bbox 687 267 727 317; x_wconf 83' lang='lat' dir='ltr'>cui</span> <span class='ocrx_word' id='word_1_11' title='bbox 751 262 806 320; x_wconf 79' lang='lat' dir='ltr'>haec</span> <span class='ocrx_word' id='word_1_12' title='bbox 827 271 905 324; x_wconf 78' lang='lat' dir='ltr'>atria</span> <span class='ocrx_word' id='word_1_13' title='bbox 927 274 963 328; x_wconf 84' lang='lat' dir='ltr'>ta’·</span> 
     </span>
     <span class='ocr_line' id='line_1_3' title="bbox 114 338 963 420; baseline 0.001 -17"><span class='ocrx_word' id='word_1_14' title='bbox 114 338 232 417; x_wconf 62' lang='lat' dir='ltr'>deantur,</span> <span class='ocrx_word' id='word_1_15' title='bbox 252 349 340 419; x_wconf 75' lang='lat' dir='ltr'>cogitet</span> <span class='ocrx_word' id='word_1_16' title='bbox 363 355 455 420; x_wconf 75' lang='lat' dir='ltr'>quanto</span> <span class='ocrx_word' id='word_1_17' title='bbox 482 344 566 397; x_wconf 76' lang='lat' dir='ltr'>acrius</span> <span class='ocrx_word' id='word_1_18' title='bbox 590 342 599 371; x_wconf 88' lang='lat'>¹</span> <span class='ocrx_word' id='word_1_19' title='bbox 629 339 714 394; x_wconf 80' lang='lat' dir='ltr'>liberor</span> <span class='ocrx_word' id='word_1_20' title='bbox 735 354 816 416; x_wconf 74' lang='lat' dir='ltr'>atque</span> <span class='ocrx_word' id='word_1_21' title='bbox 834 364 924 403; x_wconf 74' lang='lat' dir='ltr'>uxeres</span> <span class='ocrx_word' id='word_1_22' title='bbox 941 352 963 403; x_wconf 86' lang='lat' dir='ltr'>it</span> 
     </span>
     <span class='ocr_line' id='line_1_4' title="bbox 108 414 962 497; baseline 0.002 -20"><span class='ocrx_word' id='word_1_23' title='bbox 108 422 267 497; x_wconf 73' lang='lat' dir='ltr'>servitutem</span> <span class='ocrx_word' id='word_1_24' title='bbox 281 421 351 477; x_wconf 72' lang='lat' dir='ltr'>nabi</span> <span class='ocrx_word' id='word_1_25' title='bbox 363 439 469 489; x_wconf 83' lang='lat' dir='ltr'>eernere,</span> <span class='ocrx_word' id='word_1_26' title='bbox 489 414 730 491; x_wconf 73' lang='lat' dir='ltr'>exarmatum-hosti</span> <span class='ocrx_word' id='word_1_27' title='bbox 739 418 864 491; x_wconf 79' lang='lat' dir='ltr'>jargulutn</span> <span class='ocrx_word' id='word_1_28' title='bbox 875 423 962 497; x_wconf 67' lang='lat' dir='ltr'>prebe·</span> 
     </span>
     <span class='ocr_line' id='line_1_5' title="bbox 115 492 963 571; baseline 0.001 -16"><span class='ocrx_word' id='word_1_29' title='bbox 115 520 154 571; x_wconf 84' lang='lat' dir='ltr'>rc,</span> <span class='ocrx_word' id='word_1_30' title='bbox 180 495 217 562; x_wconf 67' lang='grc' dir='ltr'><em>ὰ</em></span> <span class='ocrx_word' id='word_1_31' title='bbox 236 498 293 555; x_wconf 75' lang='lat' dir='ltr'>alia</span> <span class='ocrx_word' id='word_1_32' title='bbox 312 496 393 552; x_wconf 76' lang='lat' dir='ltr'>musta</span> <span class='ocrx_word' id='word_1_33' title='bbox 412 500 481 571; x_wconf 85' lang='lat' dir='ltr'>poti,</span> <span class='ocrx_word' id='word_1_34' title='bbox 511 512 565 570; x_wconf 80' lang='lat' dir='ltr'>qrtae</span> <span class='ocrx_word' id='word_1_35' title='bbox 585 492 700 549; x_wconf 74' lang='lat' dir='ltr'>bellttum</span> <span class='ocrx_word' id='word_1_36' title='bbox 721 495 784 568; x_wconf 75' lang='lat' dir='ltr'>jure</span> <span class='ocrx_word' id='word_1_37' title='bbox 804 500 875 554; x_wconf 74' lang='lat' dir='ltr'>valia</span> <span class='ocrx_word' id='word_1_38' title='bbox 898 519 963 558; x_wconf 70' lang='lat' dir='ltr'>aot</span> 
     </span>
     <span class='ocr_line' id='line_1_6' title="bbox 117 575 386 649; baseline -0.033 -16"><span class='ocrx_word' id='word_1_39' title='bbox 117 575 224 633; x_wconf 73' lang='lat' dir='ltr'>utribus</span> <span class='ocrx_word' id='word_1_40' title='bbox 242 578 386 649; x_wconf 78' lang='lat' dir='ltr'>patiantur.</span> 
     </span>
    </p>

    <p class='ocr_par' dir='ltr' id='par_1_3' title="bbox 110 643 961 2315">
     <span class='ocr_line' id='line_1_7' title="bbox 154 643 960 727; baseline 0.002 -17"><span class='ocrx_word' id='word_1_41' title='bbox 154 649 287 710; x_wconf 80' lang='lat' dir='ltr'>Persuasit</span> <span class='ocrx_word' id='word_1_42' title='bbox 308 648 353 709; x_wconf 89' lang='lat' dir='ltr'>his</span> <span class='ocrx_word' id='word_1_43' title='bbox 377 646 479 718; x_wconf 89' lang='lat' dir='ltr'>verbis,</span> <span class='ocrx_word' id='word_1_44' title='bbox 513 643 660 721; x_wconf 84' lang='lat' dir='ltr'>viginti&amp;</span> <span class='ocrx_word' id='word_1_45' title='bbox 681 665 717 705; x_wconf 93' lang='lat' dir='ltr'>eo</span> <span class='ocrx_word' id='word_1_46' title='bbox 736 647 864 720; x_wconf 87' lang='lat' dir='ltr'>amplius</span> <span class='ocrx_word' id='word_1_47' title='bbox 883 651 960 727; x_wconf 89' lang='lat' dir='ltr'>opida</span> 
     </span>
     <span class='ocr_line' id='line_1_8' title="bbox 114 721 960 798; baseline 0.002 -13"><span class='ocrx_word' id='word_1_48' title='bbox 114 745 175 786; x_wconf 74' lang='lat' dir='ltr'>una</span> <span class='ocrx_word' id='word_1_49' title='bbox 199 730 263 787; x_wconf 90' lang='lat' dir='ltr'>luce</span> <span class='ocrx_word' id='word_1_50' title='bbox 281 722 426 787; x_wconf 81' lang='lat' dir='ltr'>combusta</span> <span class='ocrx_word' id='word_1_51' title='bbox 448 723 522 782; x_wconf 87' lang='lat' dir='ltr'>sunt.</span> <span class='ocrx_word' id='word_1_52' title='bbox 555 740 649 798; x_wconf 88' lang='lat' dir='ltr'>neque</span> <span class='ocrx_word' id='word_1_53' title='bbox 676 721 773 783; x_wconf 92' lang='lat' dir='ltr'>solum</span> <span class='ocrx_word' id='word_1_54' title='bbox 803 725 838 784; x_wconf 85' lang='lat' dir='ltr'>in</span> <span class='ocrx_word' id='word_1_55' title='bbox 864 725 960 789; x_wconf 86' lang='lat' dir='ltr'>finibus</span> 
     </span>
     <span class='ocr_line' id='line_1_9' title="bbox 115 798 961 879; baseline 0 -16"><span class='ocrx_word' id='word_1_56' title='bbox 115 804 296 879; x_wconf 85' lang='lat' dir='ltr'>Biturigum,</span> <span class='ocrx_word' id='word_1_57' title='bbox 330 801 378 861; x_wconf 91' lang='lat' dir='ltr'>sed</span> <span class='ocrx_word' id='word_1_58' title='bbox 392 801 423 860; x_wconf 89' lang='lat' dir='ltr'>in</span> <span class='ocrx_word' id='word_1_59' title='bbox 436 799 549 875; x_wconf 90' lang='lat' dir='ltr'>reliquis</span> <span class='ocrx_word' id='word_1_60' title='bbox 564 798 616 858; x_wconf 87' lang='lat' dir='ltr'>hac</span> <span class='ocrx_word' id='word_1_61' title='bbox 629 800 694 859; x_wconf 87' lang='lat' dir='ltr'>illac</span> <span class='ocrx_word' id='word_1_62' title='bbox 705 818 890 878; x_wconf 85' lang='lat' dir='ltr'>quocunque</span> <span class='ocrx_word' id='word_1_63' title='bbox 899 824 961 866; x_wconf 90' lang='lat' dir='ltr'>ocu·</span> 
     </span>
     <span class='ocr_line' id='line_1_10' title="bbox 114 875 960 950; baseline 0.001 -10"><span class='ocrx_word' id='word_1_64' title='bbox 114 882 160 940; x_wconf 89' lang='lat' dir='ltr'>los</span> <span class='ocrx_word' id='word_1_65' title='bbox 171 879 304 950; x_wconf 74' lang='lat' dir='ltr'>flesleres,</span> <span class='ocrx_word' id='word_1_66' title='bbox 339 877 470 937; x_wconf 87' lang='lat' dir='ltr'>incendia</span> <span class='ocrx_word' id='word_1_67' title='bbox 489 875 699 946; x_wconf 79' lang='lat' dir='ltr'>cernebantur,</span> <span class='ocrx_word' id='word_1_68' title='bbox 736 897 800 937; x_wconf 92' lang='lat' dir='ltr'>non</span> <span class='ocrx_word' id='word_1_69' title='bbox 820 877 881 939; x_wconf 89' lang='lat' dir='ltr'>srne</span> <span class='ocrx_word' id='word_1_70' title='bbox 903 901 960 941; x_wconf 87' lang='lat' dir='ltr'>onr-</span> 
     </span>
     <span class='ocr_line' id='line_1_11' title="bbox 115 951 959 1033; baseline -0.001 -18"><span class='ocrx_word' id='word_1_71' title='bbox 115 957 198 1017; x_wconf 90' lang='lat' dir='ltr'>nium</span> <span class='ocrx_word' id='word_1_72' title='bbox 219 957 326 1016; x_wconf 90' lang='lat' dir='ltr'>dolore.</span> <span class='ocrx_word' id='word_1_73' title='bbox 365 972 451 1033; x_wconf 90' lang='lat' dir='ltr'>quem</span> <span class='ocrx_word' id='word_1_74' title='bbox 477 951 592 1026; x_wconf 82' lang='lat' dir='ltr'>cespes</span> <span class='ocrx_word' id='word_1_75' title='bbox 619 951 742 1025; x_wconf 82' lang='lat' dir='ltr'>lenibat,</span> <span class='ocrx_word' id='word_1_76' title='bbox 782 956 865 1032; x_wconf 91' lang='lat' dir='ltr'>quod</span> <span class='ocrx_word' id='word_1_77' title='bbox 888 973 959 1033; x_wconf 81' lang='lat' dir='ltr'>parta</span> 
     </span>
     <span class='ocr_line' id='line_1_12' title="bbox 115 1026 961 1105; baseline 0.002 -16"><span class='ocrx_word' id='word_1_78' title='bbox 115 1033 233 1092; x_wconf 71' lang='lat' dir='ltr'>visloria</span> <span class='ocrx_word' id='word_1_79' title='bbox 252 1033 312 1093; x_wconf 89' lang='lat' dir='ltr'>cito</span> <span class='ocrx_word' id='word_1_80' title='bbox 331 1049 431 1090; x_wconf 87' lang='lat' dir='ltr'>omnes</span> <span class='ocrx_word' id='word_1_81' title='bbox 452 1029 560 1105; x_wconf 87' lang='lat' dir='ltr'>perdita</span> <span class='ocrx_word' id='word_1_82' title='bbox 584 1026 776 1090; x_wconf 87' lang='lat' dir='ltr'>restaurarent.</span> <span class='ocrx_word' id='word_1_83' title='bbox 812 1029 861 1089; x_wconf 87' lang='lat' dir='ltr'>De</span> <span class='ocrx_word' id='word_1_84' title='bbox 884 1035 961 1095; x_wconf 80' lang='lat' dir='ltr'>Ata·</span> 
     </span>
     <span class='ocr_line' id='line_1_13' title="bbox 115 1102 957 1182; baseline 0.001 -17"><span class='ocrx_word' id='word_1_85' title='bbox 115 1109 175 1168; x_wconf 91' lang='lat' dir='ltr'>rico</span> <span class='ocrx_word' id='word_1_86' title='bbox 200 1110 230 1168; x_wconf 90' lang='lat' dir='ltr'>in</span> <span class='ocrx_word' id='word_1_87' title='bbox 255 1108 373 1168; x_wconf 90' lang='lat' dir='ltr'>consrlio</span> <span class='ocrx_word' id='word_1_88' title='bbox 396 1108 534 1182; x_wconf 87' lang='lat' dir='ltr'>agitatum</span> <span class='ocrx_word' id='word_1_89' title='bbox 549 1102 598 1174; x_wconf 85' lang='lat' dir='ltr'>est,</span> <span class='ocrx_word' id='word_1_90' title='bbox 620 1125 656 1165; x_wconf 88' lang='lat' dir='ltr'>arr</span> <span class='ocrx_word' id='word_1_91' title='bbox 681 1105 796 1166; x_wconf 91' lang='lat' dir='ltr'>incendi</span> <span class='ocrx_word' id='word_1_92' title='bbox 806 1106 891 1179; x_wconf 86' lang='lat' dir='ltr'>illud,</span> <span class='ocrx_word' id='word_1_93' title='bbox 922 1131 957 1172; x_wconf 83' lang='lat' dir='ltr'>tn</span> 
     </span>
     <span class='ocr_line' id='line_1_14' title="bbox 115 1181 957 1259; baseline 0.002 -16"><span class='ocrx_word' id='word_1_94' title='bbox 115 1185 251 1244; x_wconf 69' lang='lat' dir='ltr'>incassum</span> <span class='ocrx_word' id='word_1_95' title='bbox 279 1186 373 1259; x_wconf 89' lang='lat' dir='ltr'>linqui</span> <span class='ocrx_word' id='word_1_96' title='bbox 398 1184 502 1241; x_wconf 87' lang='lat' dir='ltr'>melius</span> <span class='ocrx_word' id='word_1_97' title='bbox 532 1183 615 1242; x_wconf 89' lang='lat' dir='ltr'>foret.</span> <span class='ocrx_word' id='word_1_98' title='bbox 665 1181 816 1243; x_wconf 80' lang='lat' dir='ltr'>Enimvero</span> <span class='ocrx_word' id='word_1_99' title='bbox 839 1183 875 1242; x_wconf 88' lang='lat' dir='ltr'>ad</span> <span class='ocrx_word' id='word_1_100' title='bbox 900 1182 957 1246; x_wconf 86' lang='lat' dir='ltr'>boc</span> 
     </span>
     <span class='ocr_line' id='line_1_15' title="bbox 115 1256 957 1335; baseline 0.005 -20"><span class='ocrx_word' id='word_1_101' title='bbox 115 1262 233 1321; x_wconf 87' lang='lat' dir='ltr'>verbum</span> <span class='ocrx_word' id='word_1_102' title='bbox 257 1262 291 1320; x_wconf 88' lang='lat' dir='ltr'>ad</span> <span class='ocrx_word' id='word_1_103' title='bbox 305 1259 551 1335; x_wconf 81' lang='lat' dir='ltr'>Vercingetorigis</span> <span class='ocrx_word' id='word_1_104' title='bbox 568 1256 653 1332; x_wconf 91' lang='lat' dir='ltr'>pedes</span> <span class='ocrx_word' id='word_1_105' title='bbox 666 1259 871 1335; x_wconf 82' lang='lat' dir='ltr'>Gallorumque</span> <span class='ocrx_word' id='word_1_106' title='bbox 897 1280 957 1319; x_wconf 92' lang='lat' dir='ltr'>orn·</span> 
     </span>
     <span class='ocr_line' id='line_1_16' title="bbox 116 1335 956 1414; baseline 0 -17"><span class='ocrx_word' id='word_1_107' title='bbox 116 1339 198 1397; x_wconf 89' lang='lat' dir='ltr'>nium</span> <span class='ocrx_word' id='word_1_108' title='bbox 227 1339 277 1414; x_wconf 90' lang='lat' dir='ltr'>qui</span> <span class='ocrx_word' id='word_1_109' title='bbox 301 1336 418 1397; x_wconf 87' lang='lat' dir='ltr'>consrlio</span> <span class='ocrx_word' id='word_1_110' title='bbox 439 1337 591 1395; x_wconf 87' lang='lat' dir='ltr'>intererant</span> <span class='ocrx_word' id='word_1_111' title='bbox 614 1335 692 1395; x_wconf 80' lang='lat' dir='ltr'>affusi</span> <span class='ocrx_word' id='word_1_112' title='bbox 716 1335 880 1412; x_wconf 82' lang='lat' dir='ltr'>Bituriges,</span> <span class='ocrx_word' id='word_1_113' title='bbox 909 1339 956 1397; x_wconf 85' lang='lat' dir='ltr'>ob·</span> 
     </span>
     <span class='ocr_line' id='line_1_17' title="bbox 116 1411 958 1487; baseline -0.002 -14"><span class='ocrx_word' id='word_1_114' title='bbox 116 1414 262 1487; x_wconf 81' lang='lat' dir='ltr'>testantur,</span> <span class='ocrx_word' id='word_1_115' title='bbox 292 1435 322 1471; x_wconf 89' lang='lat' dir='ltr'>ne</span> <span class='ocrx_word' id='word_1_116' title='bbox 337 1414 526 1482; x_wconf 73' lang='lat' dir='ltr'>puuherrtmum</span> <span class='ocrx_word' id='word_1_117' title='bbox 550 1411 692 1468; x_wconf 76' lang='lat' dir='ltr'>Galliarum</span> <span class='ocrx_word' id='word_1_118' title='bbox 710 1413 808 1485; x_wconf 68' lang='lat' dir='ltr'>opidum</span> <span class='ocrx_word' id='word_1_119' title='bbox 832 1421 843 1444; x_wconf 86' lang='lat'><em>²</em></span> <span class='ocrx_word' id='word_1_120' title='bbox 868 1415 900 1470; x_wconf 82' lang='lat' dir='ltr'>de</span> <span class='ocrx_word' id='word_1_121' title='bbox 919 1434 958 1471; x_wconf 65' lang='lat' dir='ltr'>cte</span> 
     </span>
     <span class='ocr_line' id='line_1_18' title="bbox 112 1487 955 1638; baseline 0 -92"><span class='ocrx_word' id='word_1_122' title='bbox 112 1494 156 1565; x_wconf 77' lang='lat' dir='ltr'>jur</span> <span class='ocrx_word' id='word_1_123' title='bbox 175 1495 310 1566; x_wconf 73' lang='lat' dir='ltr'>provincie</span> <span class='ocrx_word' id='word_1_124' title='bbox 328 1489 486 1638; x_wconf 49' lang='lat' dir='ltr'>Biturigefft</span> <span class='ocrx_word' id='word_1_125' title='bbox 504 1507 535 1545; x_wconf 77' lang='lat' dir='ltr'>at</span> <span class='ocrx_word' id='word_1_126' title='bbox 557 1487 695 1564; x_wconf 75' lang='lat' dir='ltr'>ptessdt&#39;rtnt</span> <span class='ocrx_word' id='word_1_127' title='bbox 710 1490 827 1562; x_wconf 76' lang='lat' dir='ltr'>flammis</span> <span class='ocrx_word' id='word_1_128' title='bbox 848 1495 955 1548; x_wconf 79' lang='lat' dir='ltr'>immm-</span> 
     </span>
     <span class='ocr_line' id='line_1_19' title="bbox 117 1564 956 1640; baseline 0.004 -20"><span class='ocrx_word' id='word_1_129' title='bbox 117 1573 150 1621; x_wconf 78' lang='lat' dir='ltr'>et&#39;s</span> <span class='ocrx_word' id='word_1_130' title='bbox 176 1569 293 1625; x_wconf 69' lang='lat' dir='ltr'>deleatur,</span> <span class='ocrx_word' id='word_1_131' title='bbox 323 1589 379 1625; x_wconf 82' lang='lat' dir='ltr'>cum</span> <span class='ocrx_word' id='word_1_132' title='bbox 403 1568 433 1622; x_wconf 79' lang='lat' dir='ltr'>dc</span> <span class='ocrx_word' id='word_1_133' title='bbox 445 1565 502 1622; x_wconf 80' lang='lat' dir='ltr'>endi</span> <span class='ocrx_word' id='word_1_134' title='bbox 522 1564 595 1639; x_wconf 51' lang='lat' dir='ltr'>posca</span> <span class='ocrx_word' id='word_1_135' title='bbox 616 1565 678 1621; x_wconf 85' lang='lat' dir='ltr'>Ittttt</span> <span class='ocrx_word' id='word_1_136' title='bbox 700 1581 763 1639; x_wconf 85' lang='lat' dir='ltr'>pene</span> <span class='ocrx_word' id='word_1_137' title='bbox 780 1568 956 1640; x_wconf 76' lang='lat' dir='ltr'>inexpugnabi-</span> 
     </span>
     <span class='ocr_line' id='line_1_20' title="bbox 117 1639 956 1718; baseline 0.006 -23"><span class='ocrx_word' id='word_1_138' title='bbox 117 1642 147 1695; x_wconf 77' lang='lat' dir='ltr'>lia</span> <span class='ocrx_word' id='word_1_139' title='bbox 169 1660 274 1712; x_wconf 76' lang='lat' dir='ltr'>naama,</span> <span class='ocrx_word' id='word_1_140' title='bbox 303 1649 345 1699; x_wconf 86' lang='lat' dir='ltr'>cui</span> <span class='ocrx_word' id='word_1_141' title='bbox 360 1644 389 1718; x_wconf 81' lang='lat' dir='ltr'><strong><em>fi</em></strong></span> <span class='ocrx_word' id='word_1_142' title='bbox 408 1639 510 1716; x_wconf 77' lang='lat' dir='ltr'>defenstt</span> <span class='ocrx_word' id='word_1_143' title='bbox 533 1642 656 1698; x_wconf 65' lang='lat' dir='ltr'>militares</span> <span class='ocrx_word' id='word_1_144' title='bbox 674 1640 803 1714; x_wconf 79' lang='lat' dir='ltr'>otcefferit,</span> <span class='ocrx_word' id='word_1_145' title='bbox 835 1644 956 1700; x_wconf 79' lang='lat' dir='ltr'>maledici</span> 
     </span>
     <span class='ocr_line' id='line_1_21' title="bbox 112 1714 954 1789; baseline 0.006 -19"><span class='ocrx_word' id='word_1_146' title='bbox 112 1718 180 1789; x_wconf 81' lang='lat' dir='ltr'>ptffit</span> <span class='ocrx_word' id='word_1_147' title='bbox 203 1738 250 1775; x_wconf 84' lang='lat' dir='ltr'>nm</span> <span class='ocrx_word' id='word_1_148' title='bbox 269 1724 355 1775; x_wconf 73' lang='lat' dir='ltr'>narni,</span> <span class='ocrx_word' id='word_1_149' title='bbox 406 1717 568 1778; x_wconf 88' lang='lat' dir='ltr'>Movebant</span> <span class='ocrx_word' id='word_1_150' title='bbox 584 1714 629 1778; x_wconf 77' lang='lat' dir='ltr'>lrae</span> <span class='ocrx_word' id='word_1_151' title='bbox 664 1735 735 1777; x_wconf 88' lang='lat' dir='ltr'>reces</span> <span class='ocrx_word' id='word_1_152' title='bbox 755 1717 866 1776; x_wconf 84' lang='lat' dir='ltr'>animos</span> <span class='ocrx_word' id='word_1_153' title='bbox 881 1736 954 1776; x_wconf 90' lang='lat' dir='ltr'>cun·</span> 
     </span>
     <span class='ocr_line' id='line_1_22' title="bbox 114 1789 952 1875; baseline 0.001 -24"><span class='ocrx_word' id='word_1_154' title='bbox 114 1791 235 1865; x_wconf 73' lang='lat' dir='ltr'>storum,</span> <span class='ocrx_word' id='word_1_155' title='bbox 265 1813 338 1854; x_wconf 85' lang='lat' dir='ltr'>unus</span> <span class='ocrx_word' id='word_1_156' title='bbox 349 1793 568 1870; x_wconf 87' lang='lat' dir='ltr'>Vercingetorix</span> <span class='ocrx_word' id='word_1_157' title='bbox 581 1814 640 1857; x_wconf 88' lang='lat' dir='ltr'>cun</span> <span class='ocrx_word' id='word_1_158' title='bbox 666 1795 672 1809; x_wconf 84' lang='lat'><strong><em>&#39;</em></strong></span> <span class='ocrx_word' id='word_1_159' title='bbox 697 1789 827 1875; x_wconf 79' lang='lat' dir='ltr'>obstabat,</span> <span class='ocrx_word' id='word_1_160' title='bbox 853 1793 952 1869; x_wconf 85' lang='lat' dir='ltr'>qui&amp;</span> 
     </span>
     <span class='ocr_line' id='line_1_23' title="bbox 113 1867 953 1943; baseline 0.004 -16"><span class='ocrx_word' id='word_1_161' title='bbox 113 1867 173 1943; x_wconf 88' lang='lat' dir='ltr'>ipse</span> <span class='ocrx_word' id='word_1_162' title='bbox 194 1869 308 1930; x_wconf 88' lang='lat' dir='ltr'>tandem</span> <span class='ocrx_word' id='word_1_163' title='bbox 323 1871 414 1932; x_wconf 72' lang='lat' dir='ltr'>vislus</span> <span class='ocrx_word' id='word_1_164' title='bbox 432 1871 623 1941; x_wconf 81' lang='lat' dir='ltr'>misericordia</span> <span class='ocrx_word' id='word_1_165' title='bbox 643 1872 672 1932; x_wconf 91' lang='lat' dir='ltr'>in</span> <span class='ocrx_word' id='word_1_166' title='bbox 689 1868 857 1931; x_wconf 81' lang='lat' dir='ltr'>sententiam</span> <span class='ocrx_word' id='word_1_167' title='bbox 871 1886 953 1930; x_wconf 86' lang='lat' dir='ltr'>caete·</span> 
     </span>
     <span class='ocr_line' id='line_1_24' title="bbox 114 1944 953 2024; baseline 0.006 -21"><span class='ocrx_word' id='word_1_168' title='bbox 114 1966 211 2005; x_wconf 88' lang='lat' dir='ltr'>rorum</span> <span class='ocrx_word' id='word_1_169' title='bbox 234 1947 349 2008; x_wconf 79' lang='lat' dir='ltr'>transiit.</span> <span class='ocrx_word' id='word_1_170' title='bbox 392 1947 439 2008; x_wconf 87' lang='lat' dir='ltr'>Sic</span> <span class='ocrx_word' id='word_1_171' title='bbox 463 1947 657 2010; x_wconf 82' lang='lat' dir='ltr'>defensoribus</span> <span class='ocrx_word' id='word_1_172' title='bbox 673 1944 808 2024; x_wconf 77' lang='lat' dir='ltr'>rebusque</span> <span class='ocrx_word' id='word_1_173' title='bbox 832 1946 896 2006; x_wconf 85' lang='lat' dir='ltr'>aliis</span> <span class='ocrx_word' id='word_1_174' title='bbox 918 1947 953 2008; x_wconf 90' lang='lat' dir='ltr'>ad</span> 
     </span>
     <span class='ocr_line' id='line_1_25' title="bbox 113 2021 953 2101; baseline -0.001 -16"><span class='ocrx_word' id='word_1_175' title='bbox 113 2022 270 2086; x_wconf 81' lang='lat' dir='ltr'>custodiam</span> <span class='ocrx_word' id='word_1_176' title='bbox 294 2025 442 2101; x_wconf 82' lang='lat' dir='ltr'>oportunis</span> <span class='ocrx_word' id='word_1_177' title='bbox 464 2044 500 2085; x_wconf 93' lang='lat' dir='ltr'>eo</span> <span class='ocrx_word' id='word_1_178' title='bbox 522 2023 708 2097; x_wconf 76' lang='lat' dir='ltr'>transmisis,</span> <span class='ocrx_word' id='word_1_179' title='bbox 737 2021 863 2084; x_wconf 85' lang='lat' dir='ltr'>servatrn</span> <span class='ocrx_word' id='word_1_180' title='bbox 879 2025 953 2084; x_wconf 84' lang='lat' dir='ltr'>Ava·</span> 
     </span>
     <span class='ocr_line' id='line_1_26' title="bbox 110 2099 952 2175; baseline 0.001 -16"><span class='ocrx_word' id='word_1_181' title='bbox 110 2103 206 2164; x_wconf 82' lang='lat' dir='ltr'>ticum</span> <span class='ocrx_word' id='word_1_182' title='bbox 227 2105 243 2163; x_wconf 80' lang='lat' dir='ltr'>ai</span> <span class='ocrx_word' id='word_1_183' title='bbox 264 2102 416 2163; x_wconf 78' lang='lat' dir='ltr'>Gallorum</span> <span class='ocrx_word' id='word_1_184' title='bbox 429 2099 567 2175; x_wconf 88' lang='lat' dir='ltr'>flammis,</span> <span class='ocrx_word' id='word_1_185' title='bbox 597 2099 728 2162; x_wconf 90' lang='lat' dir='ltr'>sednon</span> <span class='ocrx_word' id='word_1_186' title='bbox 751 2100 787 2160; x_wconf 89' lang='lat' dir='ltr'>ab</span> <span class='ocrx_word' id='word_1_187' title='bbox 807 2099 952 2162; x_wconf 82' lang='lat' dir='ltr'>obsidione</span> 
     </span>
     <span class='ocr_line' id='line_1_27' title="bbox 112 2176 952 2258; baseline 0.005 -23"><span class='ocrx_word' id='word_1_188' title='bbox 112 2177 322 2240; x_wconf 84' lang='lat' dir='ltr'>Romanorum.</span> <span class='ocrx_word' id='word_1_189' title='bbox 354 2181 385 2239; x_wconf 93' lang='lat' dir='ltr'>in</span> <span class='ocrx_word' id='word_1_190' title='bbox 399 2198 453 2258; x_wconf 87' lang='lat' dir='ltr'>qua</span> <span class='ocrx_word' id='word_1_191' title='bbox 473 2177 592 2255; x_wconf 88' lang='lat' dir='ltr'>quidem</span> <span class='ocrx_word' id='word_1_192' title='bbox 610 2176 804 2239; x_wconf 86' lang='lat' dir='ltr'>obsrdentiunr</span> <span class='ocrx_word' id='word_1_193' title='bbox 821 2177 905 2239; x_wconf 88' lang='lat' dir='ltr'>fortis</span> <span class='ocrx_word' id='word_1_194' title='bbox 926 2177 952 2239; x_wconf 77' lang='lat' dir='ltr'>de</span> 
     </span>
     <span class='ocr_line' id='line_1_28' title="bbox 112 2254 547 2315; baseline 0.007 -4"><span class='ocrx_word' id='word_1_195' title='bbox 112 2254 236 2313; x_wconf 89' lang='lat' dir='ltr'>animosa</span> <span class='ocrx_word' id='word_1_196' title='bbox 252 2256 401 2315; x_wconf 88' lang='lat' dir='ltr'>tolerantia</span> <span class='ocrx_word' id='word_1_197' title='bbox 421 2255 547 2314; x_wconf 91' lang='lat' dir='ltr'>emicuit.</span> 
     </span>
    </p>

    <p class='ocr_par' dir='ltr' id='par_1_4' title="bbox 107 2326 955 3108">
     <span class='ocr_line' id='line_1_29' title="bbox 150 2326 953 2407; baseline 0.006 -22"><span class='ocrx_word' id='word_1_198' title='bbox 150 2326 226 2387; x_wconf 87' lang='lat' dir='ltr'>Cum</span> <span class='ocrx_word' id='word_1_199' title='bbox 248 2331 326 2389; x_wconf 89' lang='lat' dir='ltr'>enim</span> <span class='ocrx_word' id='word_1_200' title='bbox 345 2329 392 2391; x_wconf 89' lang='lat' dir='ltr'>hic</span> <span class='ocrx_word' id='word_1_201' title='bbox 409 2330 628 2406; x_wconf 85' lang='lat' dir='ltr'>Vercingetorix</span> <span class='ocrx_word' id='word_1_202' title='bbox 651 2327 739 2391; x_wconf 84' lang='lat' dir='ltr'>castra</span> <span class='ocrx_word' id='word_1_203' title='bbox 766 2331 886 2407; x_wconf 92' lang='lat' dir='ltr'>propius</span> <span class='ocrx_word' id='word_1_204' title='bbox 908 2328 953 2391; x_wconf 88' lang='lat' dir='ltr'>ad·</span> 
     </span>
     <span class='ocr_line' id='line_1_30' title="bbox 110 2402 952 2484; baseline 0.012 -25"><span class='ocrx_word' id='word_1_205' title='bbox 110 2402 263 2473; x_wconf 78' lang='lat' dir='ltr'>movisset,</span> <span class='ocrx_word' id='word_1_206' title='bbox 294 2404 323 2464; x_wconf 76' lang='lat' dir='ltr'>u</span> <span class='ocrx_word' id='word_1_207' title='bbox 345 2407 381 2464; x_wconf 88' lang='lat' dir='ltr'>ab</span> <span class='ocrx_word' id='word_1_208' title='bbox 406 2407 627 2482; x_wconf 84' lang='lat' dir='ltr'>exploratoribus</span> <span class='ocrx_word' id='word_1_209' title='bbox 646 2426 695 2484; x_wconf 89' lang='lat' dir='ltr'>per</span> <span class='ocrx_word' id='word_1_210' title='bbox 722 2406 849 2482; x_wconf 79' lang='lat' dir='ltr'>singulas</span> <span class='ocrx_word' id='word_1_211' title='bbox 871 2407 952 2468; x_wconf 82' lang='lat' dir='ltr'>horas</span> 
     </span>
     <span class='ocr_line' id='line_1_31' title="bbox 109 2478 952 2560; baseline 0.006 -23"><span class='ocrx_word' id='word_1_212' title='bbox 109 2478 180 2554; x_wconf 93' lang='lat' dir='ltr'>quid</span> <span class='ocrx_word' id='word_1_213' title='bbox 199 2481 230 2540; x_wconf 91' lang='lat' dir='ltr'>in</span> <span class='ocrx_word' id='word_1_214' title='bbox 252 2479 390 2542; x_wconf 89' lang='lat' dir='ltr'>Romanis</span> <span class='ocrx_word' id='word_1_215' title='bbox 411 2481 505 2544; x_wconf 85' lang='lat' dir='ltr'>castris</span> <span class='ocrx_word' id='word_1_216' title='bbox 528 2500 667 2560; x_wconf 83' lang='lat' dir='ltr'>agereutr,</span> <span class='ocrx_word' id='word_1_217' title='bbox 701 2483 841 2556; x_wconf 67' lang='lat' dir='ltr'>edoslus,</span> <span class='ocrx_word' id='word_1_218' title='bbox 868 2502 952 2544; x_wconf 89' lang='lat' dir='ltr'>omne</span> 
     </span>
     <span class='ocr_line' id='line_1_32' title="bbox 109 2555 952 2632; baseline 0.006 -19"><span class='ocrx_word' id='word_1_219' title='bbox 109 2555 165 2614; x_wconf 88' lang='lat' dir='ltr'>iter</span> <span class='ocrx_word' id='word_1_220' title='bbox 188 2574 289 2617; x_wconf 90' lang='lat' dir='ltr'>eorum</span> <span class='ocrx_word' id='word_1_221' title='bbox 314 2558 495 2632; x_wconf 57' lang='lat' dir='ltr'>observarem</span> <span class='ocrx_word' id='word_1_222' title='bbox 523 2559 710 2622; x_wconf 84' lang='lat' dir='ltr'>&amp;Romanos</span> <span class='ocrx_word' id='word_1_223' title='bbox 731 2561 840 2621; x_wconf 87' lang='lat' dir='ltr'>circum</span> <span class='ocrx_word' id='word_1_224' title='bbox 858 2560 952 2619; x_wconf 87' lang='lat' dir='ltr'>omni·</span> 
     </span>
     <span class='ocr_line' id='line_1_33' title="bbox 110 2633 955 2714; baseline 0.007 -24"><span class='ocrx_word' id='word_1_225' title='bbox 110 2635 163 2692; x_wconf 88' lang='lat' dir='ltr'>bus</span> <span class='ocrx_word' id='word_1_226' title='bbox 184 2633 287 2696; x_wconf 88' lang='lat' dir='ltr'>exustis</span> <span class='ocrx_word' id='word_1_227' title='bbox 312 2652 433 2714; x_wconf 84' lang='lat' dir='ltr'>urgente</span> <span class='ocrx_word' id='word_1_228' title='bbox 462 2635 620 2697; x_wconf 80' lang='lat' dir='ltr'>necesitate</span> <span class='ocrx_word' id='word_1_229' title='bbox 639 2637 755 2713; x_wconf 85' lang='lat' dir='ltr'>longius</span> <span class='ocrx_word' id='word_1_230' title='bbox 778 2635 955 2711; x_wconf 83' lang='lat' dir='ltr'>pabulantes,</span> 
     </span>
     <span class='ocr_line' id='line_1_34' title="bbox 108 2710 951 2804; baseline 0.004 -37"><span class='ocrx_word' id='word_1_231' title='bbox 108 2712 212 2769; x_wconf 89' lang='lat' dir='ltr'>crebris</span> <span class='ocrx_word' id='word_1_232' title='bbox 234 2713 426 2804; x_wconf 82' lang='lat' dir='ltr'>incommodis</span> <span class='ocrx_word' id='word_1_233' title='bbox 445 2732 479 2803; x_wconf 69' lang='lat' dir='ltr'>ao</span> <span class='ocrx_word' id='word_1_234' title='bbox 504 2713 615 2774; x_wconf 87' lang='lat' dir='ltr'>damnis</span> <span class='ocrx_word' id='word_1_235' title='bbox 633 2712 763 2776; x_wconf 71' lang='lat' dir='ltr'>afficeres</span> <span class='ocrx_word' id='word_1_236' title='bbox 800 2710 886 2770; x_wconf 89' lang='lat' dir='ltr'>lllinc</span> <span class='ocrx_word' id='word_1_237' title='bbox 899 2730 951 2771; x_wconf 90' lang='lat' dir='ltr'>ve·</span> 
     </span>
     <span class='ocr_line' id='line_1_35' title="bbox 107 2785 952 2943; baseline 0.008 -24"><span class='ocrx_word' id='word_1_238' title='bbox 107 2803 154 2919; x_wconf 65' lang='lat' dir='ltr'>idi</span> <span class='ocrx_word' id='word_1_239' title='bbox 166 2786 382 2941; x_wconf 50' lang='lat' dir='ltr'>‘dnidddnicqtso</span> <span class='ocrx_word' id='word_1_240' title='bbox 393 2789 528 2930; x_wconf 57' lang='lat' dir='ltr'>lrtdtdsdsld</span> <span class='ocrx_word' id='word_1_241' title='bbox 541 2785 952 2943; x_wconf 48' lang='lat' dir='ltr'>edgaddlddratinbasddidusbadn</span> 
     </span>
     <span class='ocr_line' id='line_1_36' title="bbox 107 2938 948 3019; baseline 0.01 -25"><span class='ocrx_word' id='word_1_242' title='bbox 107 2938 252 3010; x_wconf 86' lang='lat' dir='ltr'>curabant,</span> <span class='ocrx_word' id='word_1_243' title='bbox 271 2938 302 2999; x_wconf 87' lang='lat' dir='ltr'>hi</span> <span class='ocrx_word' id='word_1_244' title='bbox 314 2959 427 3017; x_wconf 91' lang='lat' dir='ltr'>quoque</span> <span class='ocrx_word' id='word_1_245' title='bbox 440 2960 539 3019; x_wconf 86' lang='lat' dir='ltr'>parurn</span> <span class='ocrx_word' id='word_1_246' title='bbox 557 2959 697 3018; x_wconf 86' lang='lat' dir='ltr'>poterant,</span> <span class='ocrx_word' id='word_1_247' title='bbox 714 2961 776 3003; x_wconf 89' lang='lat' dir='ltr'>rem</span> <span class='ocrx_word' id='word_1_248' title='bbox 790 2941 948 3002; x_wconf 82' lang='lat' dir='ltr'>Romanam</span> 
     </span>
     <span class='ocr_line' id='line_1_37' title="bbox 107 3015 952 3108; baseline 0.002 -34"><span class='ocrx_word' id='word_1_249' title='bbox 107 3015 233 3093; x_wconf 83' lang='lat' dir='ltr'>maligne</span> <span class='ocrx_word' id='word_1_250' title='bbox 247 3018 453 3082; x_wconf 87' lang='lat' dir='ltr'>commeatibus</span> <span class='ocrx_word' id='word_1_251' title='bbox 466 3019 654 3096; x_wconf 83' lang='lat' dir='ltr'>adjuvarent:</span> <span class='ocrx_word' id='word_1_252' title='bbox 684 3017 722 3081; x_wconf 83' lang='lat' dir='ltr'>ad</span> <span class='ocrx_word' id='word_1_253' title='bbox 739 3034 851 3083; x_wconf 67' lang='lat' dir='ltr'>antam</span> <span class='ocrx_word' id='word_1_254' title='bbox 864 3036 952 3108; x_wconf 76' lang='lat' dir='ltr'>penu·</span> 
     </span>
    </p>

    <p class='ocr_par' dir='ltr' id='par_1_5' title="bbox 880 3113 947 3157">
     <span class='ocr_line' id='line_1_38' title="bbox 880 3113 947 3157; baseline 0 -1"><span class='ocrx_word' id='word_1_255' title='bbox 880 3113 947 3157; x_wconf 86' lang='lat' dir='ltr'>tram</span> 
     </span>
    </p>

    <p class='ocr_par' dir='ltr' id='par_1_6' title="bbox 143 3184 700 3252">
     <span class='ocr_line' id='line_1_39' title="bbox 143 3184 700 3252; baseline 0 -13"><span class='ocrx_word' id='word_1_256' title='bbox 143 3197 164 3239; x_wconf 87' lang='grc' dir='ltr'>ι.</span> <span class='ocrx_word' id='word_1_257' title='bbox 180 3184 313 3239; x_wconf 72' lang='lat' dir='ltr'>addendum</span> <span class='ocrx_word' id='word_1_258' title='bbox 326 3188 362 3251; x_wconf 77' lang='lat' dir='ltr'>fir.</span> <span class='ocrx_word' id='word_1_259' title='bbox 446 3188 455 3252; x_wconf 86' lang='grc' dir='ltr'>Ι</span> <span class='ocrx_word' id='word_1_260' title='bbox 512 3189 617 3245; x_wconf 54' lang='lat' dir='ltr'>afflone.</span> <span class='ocrx_word' id='word_1_261' title='bbox 629 3188 700 3239; x_wconf 71' lang='lat' dir='ltr'>dorsu</span> 
     </span>
    </p>
   </div>
   <div class='ocr_carea' id='block_1_3' title="bbox 0 0 1014 3622">
    <p class='ocr_par' dir='ltr' id='par_1_7' title="bbox 0 0 1014 3622">
     <span class='ocr_line' id='line_1_40' title="bbox 0 0 1014 3622; baseline 0 2"><span class='ocrx_word' id='word_1_262' title='bbox 0 0 1014 3622; x_wconf 95' lang='lat' dir='ltr'> </span> 
     </span>
    </p>
   </div>
  </div>
 </body>
</html>
