2018 3622
149 157 206 232 2'6
288 158 291 164 ’
373 149 411 248 Ἰ.
434 108 537 230 Celsi
564 151 815 229 C'ommentarii

147 283 180 346 in
195 303 322 361 tempore
335 285 486 348 conveiiet
498 281 611 346 obstare.
638 283 708 362 quin
734 283 819 344 etiam
843 280 994 349 Helvetios

145 360 224 424 illius
249 365 378 439 precibus
390 385 440 442 per
453 363 522 425 fines
534 362 729 441 Sequanorum
742 376 881 438 negatum
897 364 989 438 primo

131 440 201 500 iter
211 441 373 514 obtinuiffe‚
393 439 559 519 clademque
573 440 634 515 ejus
646 459 728 516 opera
741 458 832 514 nuper
843 454 987 517 acceptam

144 516 209 588 effe,
230 519 309 594 quod
321 518 377 596 ipse
391 518 441 595 qui
459 517 611 594 ,praefuiss'et
631 515 986 595 Eduorumequitatui,.fi·

142 597 255 673 mulato
267 612 345 656 metu
358 596 462 670 primus
475 593 589 672 fugiens
602 611 717 657 caeteros
728 593 828 669 fugere
842 592 986 675 docuifi'et.

129 669 244 739 {dserat
265 670 427 733 Dumnorix
452 672 548 748 junior
566 673 651 733 frater
674 669 822 743 Divitiaci,
843 673 898 748 qui
911 687 986 737 ,tunc

128 749 220 825 „apud
232 748 335 820 fidum,
359 750 470 830 collega
481 748 586 823 Lisco,
605 748 723 811 'summae
744 763 839 808 rerum
865 766 986 835 praerat.

131 831 156 907 ξ
168 826 259 900 Cujus
276 848 313 886 ne
325 845 389 903 erga
412 827 559 889 Romanos
578 846 611 887 ac
627 824 768 885 'Caesarem
791 813 983 903 spectatissima

128 901 212 968 ...fides
222 920 288 964 erat.
328 902 546 966 AcDomnorix
568 901 723 965 multumd
747 903 833 963 fratre
859 903 984 981 diversus

141 984 260 1042 occulto
277 980 475 1047 Romanorum
488 981 557 1042 odio
569 999 653 1058 atque
675 978 879 1041 Helvetiorum
893 979 983 1042 stud-io

126 1055 278 1118 ,aestuabat
317 1059 398 1119 Nam
411 1060 439 1120 δι
452 1058 568 1119 illorum
593 1060 629 1119 de
648 1073 732 1133 gente
746 1057 922 1118 nobiliffimo
939 1079 982 1119 or·

137 1130 200 1215 rani
209 1135 274 1195 loco
288 1138 442 1215 conjugem
453 1135 583 1209 habebat,
602 1133 699 1195 adhaec
712 1151 827 1210 magnas
844 1136 980 1205 amicitias

126 1210 170 1270 ,ἃ
181 1209 365 1275 finitimarum
410 1213 521 1275 entium
542 1212 681 1283 savorem,
702 1211 781 1271 domi
806 1230 927 1290 quoque
945 1213 981 1274 ’de

130 1288 323 1367 ruedigalibus
340 1311 380 1368 pu
398 1291 470 1365 licis,
492 1293 525 1353 in
535 1291 640 1370 quibus
653 1288 682 1349 se
692 1288 736 1350 illi
749 1288 887 1350 licitan'do
896 1310 982 1367 oppo·

129 1368 316 1431 ,nerenullus
340 1369 464 1443 auderet,
491 1367 526 1428 ad
547 1365 699 1441 immensas
725 1366 980 1442 divitiaspronum

133 1444 204 1508 iter.
223 1444 267 1506 his
281 1466 396 1525 quoque
407 1447 541 1508 omnibus
559 1444 636 1522 spem
649 1463 710 1505 non
731 1442 767 1502 ad
778 1444 868 1504 altum
883 1444 980 1518 modo,

133 1519 188 1579 fied
201 1523 236 1584 ad
250 1523 396 1585 summum
407 1523 526 1601 gradum
539 1522 677 1601 regnique
690 1520 842 1605 fastigium¹
860 1520 978 1584 ostendi

126 1615 201 1672 qua:
214 1601 314 1659 curua
338 1601 389 1661 fibi
402 1603 504 1661 frivola
523 1618 550 1661 ar
570 1621 607 1660 ue
625 1600 682 1659 alio
706 1599 829 1658 recasura
845 1596 979 1664 Romano

139 1675 193 1732 sub
206 1675 325 1749 imperio
347 1678 522 1750 providebat.
552 1620 636 1753 iuper
657 1675 753 1736 omnia
779 1673 975 1748 Romanorum

136 1749 248 1822 iudicio
267 1752 296 1810 se
316 1753 395 1811 fratri
408 1753 469 1829 post
489 1753 618 1815 habitum
630 1753 831 1829 indignabatur
851 1774 886 1814 ac
898 1755 975 1814 dole·

131 1826 191 1886 bat.
222 1827 258 1890 Et
272 1828 470 1892 Romanorum
494 1829 663 1907 Caesarisque
686 1829 857 1905 praesentiam
878 1833 975 1893 oderat

124 1922 220 1981 atque
233 1908 389 1982 potentiam
404 1907 588 1969 vehementer
606 1907 745 1970 horrebat.

173 1984 290 2060 Quibus
302 1984 384 2051 rebus
405 1984 493 2046 Casar
505 1985 628 2063 cognitis
652 1983 722 2059 justa
741 1999 903 2045 commotus
925 1987 976 2045 ira·

134 2063 239 2123 cundia
264 2065 356 2139 primo
382 2065 500 2141 quidem
514 2064 549 2124 de
563 2063 646 2139 ipfius
667 2061 806 2137 supplicio
828 2063 972 2138 cogitavit.

126 2139 182 2198 Ad
196 2139 250 2202 hoc
263 2144 341 2202 enim
354 2141 461 2218 fingula
473 2142 600 2201 animum
612 2140 796 2210 inclinabant,
810 2138 839 2198 δι
859 2140 933 2200 nihil
944 2142 974 2201 in

130 2218 217 2276 rebus
229 2235 286 2278 erat
298 2219 434 2294 ambigui.
455 2238 549 2280 unum
562 2218 696 2278 omnibus
706 2215 749 2276 bis
759 2215 885 2276 obstabat
893 2237 971 2277 amor

129 2292 230 2352 fratris.
251 2294 320 2354 binc
349 2300 359 2323 ²
373 2312 498 2354 recenter
512 2293 630 2368 distulit,
647 2315 685 2354 ne
699 2295 795 2355 minus
816 2293 892 2370 apud
906 2312 972 2354 eum

124 2369 277 2430 :videretur
288 2369 402 2442 maioris
413 2370 505 2431 fratris
515 2369 595 2442 fides,
619 2391 706 2448 quam
721 2370 840 2431 minoris
859 2369 972 2448 perfidia

129 2444 252 2509 valuisse¹
287 2445 434 2507 'Divitiaco
451 2448 539 2524 igitur
550 2466 669 2509 evocato
680 2463 769 2508 totam
782 2447 912 2508 fraterna
924 2467 973 2508 ne·

125 2524 226 2599 quitiae
238 2522 335 2598 pandit
345 2520 501 2596 historiam,
521 2525 592 2600 petit
605 2541 638 2586 ut
657 2525 703 2585 vel
714 2524 773 2600 ipse
786 2525 818 2585 in
830 2543 896 2585 eum
911 2526 971 2585 ani·

118 2599 295 2672 :madvertau
315 2600 393 2660 velsr
408 2601 494 2677 pietas
516 2601 654 2675 justitiam
667 2619 834 2673 remoratur,
847 2621 896 2678 per
918 2621 973 2677 po·

126 2677 232 2749 pulum
243 2678 430 2738 animadverti
443 2677 521 2738 velit.
559 2678 613 2739 Ille
624 2680 757 2757 lacrymis
770 2697 896 2750 manans,
918 2696 972 2738 ne·

115 2770 183 2826 sque
195 2753 327 2814 excusans
347 2754 439 2815 fratris
463 2755 608 2828 insaniam,
635 2756 684 2817 sed
708 2755 839 2818 accusans
863 2755 969 2819 nonin

113 2831 193 2893 ,alios
207 2847 332 2902 tantum,
358 2831 450 2891 sedin
466 2833 501 2892 sc.
538 2834 643 2909 ,Quem
659 2854 725 2894 cum
736 2851 836 2894 natura
849 2833 974 2907 conjun-

111 2905 272 2965 ..tiisfimum
286 2906 401 2979 fecisset,
412 2909 550 2971 beneficia
561 2929 627 2969 vere
638 2911 865 2986 conjundiiorem
876 2910 970 2971 faoare

111 2982 288 3056 debuffenr,
313 2985 364 3063 qui
380 2987 433 3047 sub
444 2986 547 3048 senon
558 3003 598 3048 -ut
608 2986 699 3062 frater,
718 2987 766 3049 sed
779 3003 813 3048 ut
821 2985 897 3048 filius
908 3006 970 3046 cre·

877 3061 968 3139 uiffet,

153 3189 172 3222 ι.
189 3177 256 3233 che,
272 3173 372 3238 cujusque.
533 3176 647 3250 inicium,
666 3188 705 3226 aut
720 3177 842 3235 viudidm,
863 3187 901 3231 89⁸
913 3174 965 3237 ‚¹⁸¹⁶

141 3254 172 3290 ,a
187 3238 351 3353 Scorurtibloci
372 3232 464 3297 ponuat
474 3236 541 3303 sup-,1
556 3236 612 3296 quid.
