2018 3622
151 130 762 235 chitaJunnCn'snit's'.
830 167 911 244 1'09

76 272 140 335 fieti
150 274 228 346 sinat,
247 269 372 350 nequod
386 267 528 330 indicium
540 267 583 328 sui
598 266 681 330 detur
692 270 834 344 adventus,
854 294 914 335 neu

76 350 209 426 strepitus
220 367 268 410 eut
281 349 424 410 tumultus
436 347 632 407 incedentium
644 346 772 405 audiatur
785 373 792 418 ;
811 351 915 410 tifotte

75 430 230 490 velocitate
244 429 291 487 vel
305 425 416 485 silentio
430 422 576 500 proficeret
592 423 627 481 ad
651 422 852 498 iniquissimum
867 425 919 485 ho·

77 507 191 566 minem
216 501 446 580 opptimendum.
467 501 543 578 quod
565 521 638 576 pene
656 499 792 579 successit.
840 501 929 563 Nam·

76 582 190 641 Baiilius
214 600 331 655 propere
356 579 491 655 supraque
513 585 520 609 ¹
545 579 668 654 longum
683 579 739 638 iter
763 584 773 608 ¹
799 595 919 653 peragat.

76 677 202 733 cumque
216 656 328 716 indiciis
341 655 521 731 comperisset,
546 654 622 715 haud
648 656 748 730 procul
776 655 922 714 Ambiori·

75 753 147 812 gem
158 737 233 794 inter
241 734 328 806 silvas,
348 735 512 792 comitatum
536 731 702 810 pauciffimis
727 733 873 809 equitibus
892 731 921 792 se

77 829 201 884 tenere3
223 811 390 886 improvisus
401 831 434 871 ae
448 810 540 871 subito
565 817 574 851 ³
598 811 736 886 pervenit.
758 811 797 870 ita
812 827 846 869 ut
859 829 923 868 cut·

76 911 136 962 tus,
157 890 285 966 equos&
309 889 468 962 armaejus,
494 888 522 947 δι
547 907 633 947 omne
655 889 792 948 bellicum
817 886 923 948 instru-

76 985 210 1028 mentum
224 966 347 1026 Romani
367 965 484 1042 equites,
503 981 654 1039 antequam
676 967 710 1023 ab
738 986 773 1024 eo
787 965 922 1025 videren-

77 1060 134 1117 tur,
149 1045 308 1119 arriperent.
349 1041 393 1101 De
405 1062 465 1118 quo
478 1041 540 1116 ipso
550 1043 645 1102 astum
659 1060 723 1112 erat,
745 1042 797 1102 niii
820 1053 831 1084 ⁴
855 1044 921 1121 qui·

78 1122 144 1182 dem
158 1122 175 1181 ὲ
188 1122 245 1181 suis
258 1121 327 1181 loeis
339 1119 481 1198 angustias
495 1117 688 1190 defendiisent,
703 1125 712 1164 5
735 1138 777 1182 -ut
790 1121 849 1196 ipse
874 1125 920 1181 in·
962 1176 965 1184 ,

75 1199 163 1258 terim
172 1200 258 1259 unius
276 1217 378 1257 manus
402 1197 519 1256 inermis
540 1215 615 1271 equo
639 1196 792 1271 impositus,
826 1200 919 1272 &po-

78 1273 152 1333 stico
174 1274 327 1334 nemorose
340 1274 442 1333 domus
454 1270 576 1345 emiffus,
596 1293 645 1348 pet
657 1273 787 1334 silvarum
797 1274 879 1334 devia
890 1277 919 1337 δι

82 1351 170 1410 calles
181 1351 290 1410 abditos
300 1348 438 1423 erupiffet.

121 1426 169 1486 Sic
183 1443 331 1500 utramque
344 1426 376 1484 in
394 1440 502 1500 partem
522 1441 588 1498 erga
599 1443 690 1485 unum
706 1423 851 1486 hominem
864 1447 922 1488 una
955 1496 957 1499 .

81 1501 152 1562 hora
164 1505 226 1562 vim
249 1502 327 1561 suam
347 1502 473 1562 exercuit
495 1500 620 1569 fortuna,
639 1517 674 1561 ut
687 1502 815 1562 incautus
829 1505 923 1579 oppqi·

81 1575 365 1656 meretut,0ppteffus
379 1577 517 1638 evaderet.
537 1597 590 1637 nec
601 1577 664 1637 satis
678 1578 806 1656 scioquis
818 1602 923 1640 nocen-

81 1659 157 1717 tium
169 1677 296 1735 unquam
310 1673 367 1717 tam
391 1655 528 1734 indignus
541 1655 665 1716 evaserit,
686 1657 737 1715 nii
755 1657 832 1734 quod
857 1659 922 1729 sun-

81 1736 161 1811 plicii
174 1753 264 1810 genus
280 1733 339 1794 fuit
362 1734 462 1794 vicinae
483 1734 582 1796 mortis
604 1750 708 1805 metus,
728 1736 777 1810 qui
800 1754 833 1795 ut
846 1738 920 1797 inihi

82 1812 198 1888 quidem
222 1811 501 1889 videturipsapejor
524 1811 564 1871 est
578 1830 677 1870 morte.
717 1812 752 1871 Et
776 1814 842 1892 quid
868 1815 922 1874 sci·

82 1909 155 1961 mus,
175 1910 211 1949 an
224 1889 274 1948 sibi
287 1887 380 1949 fuiffet
394 1891 492 1950 utilius
505 1889 540 1947 ad
558 1888 621 1946 irati
640 1890 707 1946 ficet
720 1888 829 1949 Cesaris
844 1909 925 1966 pote·

81 1965 180 2027 statem
193 1965 359 2041 pervenire?
379 1986 446 2025 nam
458 1983 492 2025 ut
506 1982 565 2024 erat
576 1962 741 2022 inexhauste
749 1969 922 2038 clementie,

81 2043 93 2077 ⁶
107 2042 240 2104 confiteri
251 2043 361 2102 crimen
375 2041 402 2099 &
419 2043 511 2101 oranti
530 2041 645 2100 forlitan
665 2040 777 2100 veniam
801 2063 860 2101 non
875 2065 923 2100 ne·

81 2118 178 2197 gaffet.
217 2118 307 2178 Nunc
317 2138 364 2194 per
376 2118 455 2179 siivas
465 2116 693 2178 Transrhenanas
708 2136 795 2191 vagus
815 2119 927 2192 sunnen-

81 2218 114 2257 ac
128 2194 269 2272 profugus
283 2196 423 2270 perpetuis
439 2196 525 2255 vitam
537 2196 597 2270 egit
610 2194 640 2252 in
655 2193 765 2254 latebris
784 2201 794 2237 ⁷
816 2196 924 2257 consti«

83 2276 191 2335 entiam
203 2274 295 2345 iilum,
315 2273 390 2349 siqua
401 2289 468 2344 eret,
489 2272 518 2332 δι
540 2273 601 2347 jugi
613 2290 718 2344 pavore
730 2273 920 2347 plestentibus.

82 2351 160 2413 Illud
176 2351 258 2426 plane
270 2349 412 2420 odiosum,
431 2349 508 2427 quod
532 2350 568 2408 de
581 2368 648 2424 tege
661 2349 769 2408 nefario
780 2356 856 2410 nulla
868 2375 922 2412 un·

104 2449 168 2488 uam
182 2446 231 2488 aut
244 2425 345 2488 Caesati
358 2444 407 2485 aut
429 2428 535 2504 populo
553 2428 684 2486 Romano
698 2429 826 2488 vindittae
840 2451 922 2491 occa·

85 2448 125 2566 ito
136 2504 199 2565 deta
211 2503 259 2565 est.
299 2505 334 2564 Et
356 2503 414 2580 ipse
426 2504 547 2576 latitans,
564 2521 648 2582 atque
667 2503 784 2575 invisus,
803 2509 921 2568 &inm-

86 2599 148 2643 tum
161 2582 251 2642 scelus
261 2582 293 2643 in
306 2581 393 2642 finem
406 2583 472 2642 fuit.
509 2581 646 2641 Caetentm
659 2600 717 2656 quo
740 2581 786 2641 die
800 2584 816 2642 ὸ
831 2588 921 2644 mani·

87 2661 138 2719 bus
152 2660 348 2720 Romanorum
364 2661 412 2719 vin
433 2660 518 2719 evasit
531 2676 564 2718 ut
581 2658 714 2728 diximus,
734 2661 792 2720 vita
814 2682 921 2724 retenta

88 2753 246 2811 contentus,
264 2737 312 2815 spe
327 2737 458 2815 projeea,
477 2737 541 2806 suit,
560 2755 630 2812 quos
649 2737 664 2797 i
686 2755 771 2812 tergo·
790 2740 920 2818 liquerat,

871 2842 920 2897 pet

123 2980 145 3012 ι.
162 2963 282 3014 Videtutex
293 2965 480 3028 Cz'nrenemnen
549 2983 566 3021 ς,
583 2968 654 3024 Fwte,
669 2977 691 3012 ut
704 2965 743 3028 iffa
759 2968 843 3016 interim
860 2974 919 3017 unius

86 3027 142 3076 dun
152 3041 157 3071 :
167 3028 263 3095 supraque
272 3049 362 3077 nmmum
375 3050 390 3094 q
397 3037 482 3078 inionem
518 3047 581 3075 manu
598 3030 687 3074 inermis.

123 3109 145 3139 2.
165 3094 320 3155 Lugefferqgn
500 3086 511 3274 q
549 3103 561 3140 ⁶
591 3097 650 3149 Lege
672 3087 777 3146 consumi.

123 3171 144 3210 ι.
161 3156 232 3215 Ftte,
245 3158 365 3217 lunensii.

120 3235 134 3278 4
155 3220 226 3285 antc,
244 3221 328 3281 quedam
342 3221 351 3269 i
362 3219 401 3281 sni
414 3219 456 3270 ini.

551 3172 572 3217 7.
590 3159 657 3215 Lege,
673 3152 794 3229 turificqzia.
