2018 3622
97 155 101 163 ·
150 100 476 229 deVitaJunrr
512 102 894 245 (interint-fl
980 144 984 149 ·

60 262 157 330 tinuit
168 265 373 340 Rormnorum,
390 263 444 327 hot
455 263 554 327 tertios
667 283 699 324 m
716 261 854 339 drumm,
870 265 902 327 dc

62 340 135 404 suus
145 343 231 416 labor,
254 350 365 422 ‘quam
385 341 538 418 petiebamr
554 357 633 402 eote
666 359 734 418 pote
744 337 778 399 ab
788 339 902 403 ineurlr·

62 419 121 480 bur
133 418 355 481 Germanorum.
372 434 564 496 qurerertoto
583 418 635 479 illo
657 416 737 477 bello
748 414 902 479 mediocre-

63 497 145 567 nuit,
160 496 689 572 utirrncutrampcrteminclinarent.

104 573 145 633 In
162 593 200 632 eo
219 571 289 633 sane
298 570 416 634 consilio
428 569 567 635 commiffa
578 570 736 651 questione
752 566 906 649 suffragiim

65 647 208 710 emiserim
220 650 352 725 omnium
360 651 528 727 populorum
536 648 755 726 Vercingetorix
767 646 837 711 belli
847 648 907 711 dux

67 722 240 785 decernitur.
259 727 341 800 cujus
365 725 469 788 decreti
495 726 604 818 pudore
622 726 705 788 limul
728 746 761 787 ac
782 742 906 787 moerote

66 799 240 863 consternati
251 802 350 876 AEdui,
369 802 455 865 &es
495 806 623 882 improba
641 802 755 880 dejecti,
774 819 838 863 tum
850 802 907 877 pri·

68 899 155 939 mum
165 879 194 939 ἃ
210 879 379 957 cognoscere
447 901 524 942 arem
544 897 693 957 coeperunt
715 880 745 940 δι
757 878 905 941 fortunam

65 953 158 1017 suam.
183 976 241 1017 non
255 975 351 1020 tamen
369 958 404 1019 ab
415 959 545 1034 incoepto
565 956 667 1019 resilire
678 957 745 1030 cufi,
764 955 832 1019 hinc
844 954 906 1017 Cu·

65 1031 142 1105 saris,
160 1029 228 1095 hinc
242 1035 392 1098 Gallorum
413 1052 517 1096 metu:
548 1050 613 1096 tum
635 1036 760 1109 primunr
786 1052 827 1112 qu
886 1054 905 1095 e

66 1108 170 1175 mmidi
183 1110 373 1174 adolescentes
384 1111 557 1189 Eporedorix
568 1110 838 1173 &Viridomarusin
858 1114 903 1203 '·g

65 1185 906 1353 llltaeffilllerlffl‘llttllllnl‘llll

69 1336 309 1416 Vercingetorige
322 1339 455 1399 adversus
467 1336 603 1399 Caesarem
614 1341 744 1400 militare.

107 1412 173 1488 Ipse
184 1432 280 1476 autem
292 1414 403 1490 pridem
417 1414 518 1487 filius,
536 1433 616 1476 nunc
627 1412 757 1485 refellas,
775 1413 851 1489 quod
890 1435 908 1475 e

72 1488 114 1551 cst
126 1490 239 1564 fortius,
257 1497 268 1523 ²
288 1490 475 1552 contentione
493 1490 659 1552 reformatus
678 1493 826 1565 imperator
868 1510 911 1551 er·

70 1565 910 1721 num

62 1741 183 1782 merum
194 1720 356 1793 conficiant,
373 1717 804 1799 obtemperamnrqueillicoest.
826 1723 909 1799 quin·

71 1797 165 1860 decim
183 1800 263 1860 milia
282 1798 414 1874 equitum
427 1798 510 1861 fuille
530 1799 595 1860 satis
615 1797 761 1859 convenit.
780 1797 907 1874 peditatu

70 1873 136 1935 sane
149 1896 211 1936 ιιοιι
220 1877 277 1936 alio
313 1896 381 1937 uam
393 1896 482 1954 quem
501 1869 637 1941 habuisset
650 1893 721 1952 opos
732 1870 785 1935 csse
803 1875 909 1951 profes·

71 1951 121 2012 sus
142 1950 191 2024 eli,
210 1953 260 2031 qui
349 1953 445 2031 aginta
465 1954 581 2013 milium
594 1969 660 2013 erat.
679 1971 739 2013 non
759 1950 788 2012 se
811 1971 908 2014 tamen

72 2027 170 2105 proelii
181 2028 328 2089 fortunam
340 2030 410 2090 totis
431 2027 475 2090 his
497 2028 587 2106 copiis
605 2046 795 2106 experturum,
813 2049 909 2106 neque

72 2124 138 2165 rem
158 2102 237 2178 juste
254 2102 466 2169 commissurum
482 2106 554 2167 aciei
565 2104 785 2183 Verc‘mgetorir
796 2107 907 2181 ajebat:

70 2179 122 2242 sed
134 2199 226 2259 quum
237 2180 392 2244 abundaret
402 2182 579 2261 equitarunt
756 2182 910 2245 uloexclu·

72 2256 181 2331 surum,
199 2272 285 2336 atque
296 2258 338 2319 ita
350 2183 778 2399 anffir
790 2279 822 2321 ac
832 2258 912 2319 fame

73 2334 228 2397 villumm.
246 2354 341 2427 neque
361 2355 455 2399 arcere
672 2336 777 2397 mentis
786 2353 914 2410 tannim,

73 2409 122 2472 sed
134 2411 283 2491 frumenta
291 2411 349 2489 ipsa
360 2432 539 2491 corrumpere
555 2412 613 2503 suis
626 2412 799 2492 persuaserat.
838 2417 850 2458 ³
864 2413 911 2473 Sic

75 2507 118 2701 p

162 2582 311 2629 tantem
347 2586 416 2629 uaen
497 2584 567 2629 tant.
629 2588 675 2628 θη

301 2663 347 2706 nra
383 2647 487 2707 scuris
498 2643 712 2715 intentiliimus,
729 2639 805 2718 quast
820 2639 916 2716 legiti-

79 2718 217 2781 misbene
237 2736 351 2781 moratae
372 2720 529 2800 cujuspiam
541 2721 703 2812 reipublice
720 2716 858 2792 suffragiis
878 2717 915 2779 ad

79 2796 256 2934 lituu
265 2793 871 2951 murmurmurmur
893 2797 917 2916 l

82 2962 139 3023 tut,
158 2918 302 3026 indicai'rip
326 2969 438 3028 unaque
449 2970 515 3014 cum
528 2951 615 3022 bello,
634 2950 742 3010 animos
754 2968 855 3009 eorum
875 2949 917 3009 se·

751 3025 917 3089 cretioribue

119 3146 138 3181 r·
158 3130 290 3199 unoque&
303 3127 463 3196 proiciam,
495 3146 510 3152 ··
534 3141 558 3183 ³·
576 3128 652 3184 Folle.
668 3130 714 3177 Hir.

122 3212 143 3245 ι-
161 3196 234 3257 rote,
250 3192 372 3265 mlum
415 3190 462 3203 ““
498 3242 501 3247 -
532 3209 556 3255 ⁴·
573 3192 643 3253 ²²⁸2·
661 3187 795 3273 arripite,
