2018 3622
128 139 184 215 40
332 110 376 207 J.
391 107 492 192 Cch'r
509 114 757 193 Commentarii

125 271 183 328 que
196 249 253 326 ipse
264 255 361 312 locum
373 251 419 311 die
432 252 562 327 proximo
583 253 712 312 mutavit.
739 249 768 310 dc
784 255 792 280 ¹
815 249 939 315 dimillis
955 254 971 316 l
1007 271 1009 308 4

125 346 206 404 tergo
214 328 519 400 castriaRomanorum‚
538 328 571 387 ad
581 329 641 388 duo
652 328 735 387 milio
741 323 874 401 pastuum
885 328 921 388 ab
931 333 970 390 al·
1007 315 1009 354 ¹

126 425 185 464 tera
200 423 274 481 parte
286 405 424 477 consedit,
443 423 501 479 quo
511 404 620 466 scilicet
630 418 804 463 commeatus
815 403 890 464 inde
902 426 971 467 ven·

125 498 206 542 turos
219 483 254 541 ad
270 481 401 542 Cccsarem
419 482 576 555 impediret.
617 479 704 540 Cesar
724 496 821 539 autem
838 483 969 558 quotidie

126 557 291 621 instrustam
302 560 390 619 aciem
402 557 495 616 castris
509 557 642 629 educens,
674 575 775 634 pugnae
787 560 907 634 copiam
920 558 968 620 ho·

125 634 215 696 {libus
227 637 355 695 faciebat.
393 632 555 695 Ariovistus
567 635 596 695 se
615 632 708 695 castris
720 630 824 694 allidue
840 637 969 697 contine·
1008 679 1009 682 ,

125 713 181 772 bat.
202 713 249 772 sex
261 730 356 771 tamen
367 710 496 788 equitum
516 712 607 784 milia,
641 708 804 771 &totidem
821 712 970 787 expeditis·

123 789 260 848 limorum
290 789 399 847 editum
412 794 422 817 ²
437 788 487 863 qui
508 786 607 853 dietim
619 787 730 846 levibus
743 787 855 862 proeliis
867 790 970 851 Roma·

125 886 180 925 nos
196 808 366 926 incenium,
403 862 438 922 Id
450 883 520 923 veto
537 882 606 925 cum
619 862 720 923 diebus
732 863 866 941 quinque
881 868 969 928 conti·
1008 923 1009 942 2

125 946 192 1003 aruis
213 943 306 1002 adlum
327 938 402 1012 effer,
432 943 549 1016 cognito
562 938 650 1001 Caelar
671 937 796 1000 hostium
818 943 966 1018 proposito,

124 1040 186 1079 non
199 1019 305 1078 dlutius
321 1018 388 1078 tulit
401 1016 429 1077 se
442 1018 647 1079 commeatibus
668 1015 832 1078 intercludi
865 1019 915 1080 sed
927 1040 967 1081 ca·

123 1094 180 1154 lira
196 1095 321 1155 hostium
342 1093 541 1155 transcendens
561 1093 596 1153 ad
610 1093 757 1159 sexcentos
769 1097 966 1174 nonamplius
1008 1089 1009 1106 ¹

124 1170 223 1244 pallus,
236 1174 331 1232 locum
339 1171 423 1232 novis
433 1169 526 1232 castris
535 1171 674 1235 idoneum
685 1171 893 1246 occupavit&
906 1194 964 1250 prc—

123 1246 233 1324 ldgiens
251 1250 396 1309 barbarum
409 1247 591 1320 obstiturum,
625 1265 680 1308 tres
691 1248 764 1311 acies
776 1249 963 1322 ordinaverat,

124 1344 247 1402 quarum
260 1325 322 1386 due
340 1327 371 1385 in
385 1324 494 1386 hostem
516 1325 601 1385 vetsae
613 1325 645 1385 δι.
656 1324 687 1383 in
700 1325 837 1399 proelium
854 1328 965 1388 intente
1008 1321 1009 1386 j

125 1402 221 1478 ellent,
240 1403 320 1466 tertia
332 1402 472 1464 metandis
484 1401 576 1463 castris
586 1401 771 1465 incumberet.
792 1404 875 1480 'quod
887 1405 966 1465 Ario·
1008 1429 1009 1436 ¹

125 1479 216 1542 vistus
234 1482 412 1559 intelligens,
442 1498 543 1556 magna
614 1477 774 1554 epedestris
786 1480 967 1551 exercitur&

122 1561 137 1623 ,³
150 1560 280 1618 omnium
294 1560 452 1636 equitatum
464 1557 544 1617 immi
565 1578 594 1629 o,
611 1555 721 1617 turbare
733 1577 795 1616 rem
808 1558 906 1620 voluit
918 1577 966 1619 nec

124 1634 224 1695 valuit.
264 1636 307 1692 Ita
319 1636 417 1695 devoti
427 1650 506 1693 erant
519 1652 619 1695 omnes
630 1631 665 1693 ad
679 1632 839 1708 imperium
855 1634 967 1697 Caesaris

124 1710 333 1783 exequendum.
761 1748 764 1752 Δ

156 1783 222 1858 er
239 1785 298 1844 duo
310 1786 386 1845 inter
404 1785 531 1845 Romana
548 1781 632 1846 castra
645 1799 782 1846 coartatus
804 1783 911 1861 hostie,
940 1784 964 1849 dt
1008 1783 1009 1846 ]

123 1863 222 1922 multis
233 1862 382 1923 insultibus
394 1861 539 1935 laceffitus,
572 1859 963 1941 castristamenpertinaciter

123 1938 153 2002 l'e
165 1941 287 2002 tenebat.
326 1938 417 2017 Quod
438 1960 504 2008 cum
525 1938 615 2000 Cesar
633 1937 772 2006 admirans
792 1960 828 2001 ex
846 1959 880 2001 ca
901 1938 964 2003 tivit

122 2018 277 2096 inquireret
289 2045 298 2092 ς
318 2017 388 2097 quid
401 2016 488 2078 ceusae
500 2013 568 2078 effer
577 2013 655 2092 quod
667 2015 806 2075 Germani
818 2024 832 2060 ⁴
844 1959 964 2078 miletis·

124 2093 185 2156 fimi
200 2097 328 2158 homines
338 2095 374 2157 stc
386 2095 634 2163 bellametuerent,
652 2089 843 2168 deprehendit
852 2113 903 2155 eos
914 2092 965 2155 sor·

123 2175 200 2234 tibus
214 2176 443 2234 muliercularum
452 2171 538 2231 castra
549 2170 728 2248 sequentium
740 2167 910 2245 absterritoc
929 2189 963 2231 ne

124 2267 189 2310 ante
208 2270 313 2309 novam
339 2252 435 2307 lunam
456 2268 574 2308 manum
589 2266 654 2307 cum
675 2243 754 2305 hoste
777 2246 962 2315 consererent.
1004 2250 1007 2259 '

124 2332 135 2366 ⁵
150 2345 272 2401 cumque
283 2344 391 2383 moram
399 2326 608 2385 Germanorum
619 2321 812 2399 pervetustum
825 2320 966 2383 etseurre·

123 2401 198 2463 libus
210 2416 380 2476 regerentur.
420 2399 509 2459 Cesar
523 2422 593 2461 vero
601 2400 649 2459 cui
661 2401 739 2459 nulla
748 2399 894 2462 videretur
904 2416 965 2474 gne

123 2479 187 2537 uior
199 2477 300 2549 jactura
309 2495 397 2553 ,quam
404 2476 547 2552 temporis,
567 2479 616 2538 vix
626 2475 720 2536 adhuc
731 2476 830 2538 triduo
841 2476 966 2555 expedia·-

124 2572 166 2626 to,
185 2554 317 2626 firmavit,
349 2554 426 2632 quod
439 2555 558 2630 ingenio
571 2576 630 2616 non
646 2552 741 2628 pollet,
767 2554 797 2612 vi
809 2571 903 2631 aperta
914 2551 966 2615 ho·

123 2631 178 2692 stes
188 2631 218 2690 in
231 2631 365 2706 proelium
378 2633 485 2691 elicere.
523 2632 622 2710 Itaque
631 2630 688 2690 suis
697 2629 792 2691 castris
800 2631 916 2693 duobus
926 2629 969 2692 di·

121 2705 202 2779 millo
219 2708 335 2783 gemino
348 2709 482 2784 praefidio,
500 2707 710 2769 cumomnibus
720 2708 811 2783 copiis
818 2706 904 2770 castra
915 2706 966 2771 ho

125 2783 210 2843 stium
225 2782 341 2843 invadit.
391 2784 502 2846 Videns
522 2781 685 2847 Ariovistus
703 2782 776 2845 trahi
790 2785 914 2862 amplius
924 2806 966 2861 rae

123 2862 203 2933 tione
212 2881 271 2923 non
283 2856 366 2938 posse,
384 2863 513 2937 plurimis
524 2885 558 2928 ex
571 2863 683 2939 populis
694 2863 911 2925 Germanorum
923 2862 966 2924 in·

847 2956 965 3017 gentem

155 3076 176 3108 t.
194 3056 316 3121 nimione,
344 3071 384 3117 pto
410 3061 527 3124 relinquere,
587 3060 875 3119 3.1.ege‚omnieqrdtatu.

122 3118 304 3185 aepiffimeutitui
312 3119 348 3181 hic
358 3118 441 3168 audior.
586 3141 608 3181 4.
621 3123 688 3179 Lege,
707 3122 832 3183 bedaciffmi.

157 3204 178 3238 a.
196 3183 463 3246 Deellaltquodverbum.
548 3220 551 3225 ,
588 3199 608 3241 ς.
625 3186 695 3248 Lege,
712 3201 799 3250 eumque
808 3199 895 3244 mrem.
916 3244 921 3251 .
