<?xml version="1.0" encoding="UTF-8"?>
<!DOCTYPE html PUBLIC "-//W3C//DTD XHTML 1.0 Transitional//EN"
    "http://www.w3.org/TR/xhtml1/DTD/xhtml1-transitional.dtd">
<html xmlns="http://www.w3.org/1999/xhtml" xml:lang="en" lang="en">
 <head>
  <title>
</title>
<meta http-equiv="Content-Type" content="text/html;charset=utf-8" />
  <meta name='ocr-system' content='tesseract 3.04.00' />
  <meta name='ocr-capabilities' content='ocr_page ocr_carea ocr_par ocr_line ocrx_word'/>
</head>
<body>
  <div class='ocr_page' id='page_1' title='image "./devitaetrebusge00celsgoog_0181.png"; bbox 0 0 2018 3622; ppageno 0'>
   <div class='ocr_carea' id='block_1_1' title="bbox 157 78 983 233">
    <p class='ocr_par' dir='ltr' id='par_1_1' title="bbox 157 78 983 233">
     <span class='ocr_line' id='line_1_1' title="bbox 157 78 983 233; baseline 0.005 -34"><span class='ocrx_word' id='word_1_1' title='bbox 157 96 310 225; x_wconf 48' lang='lat' dir='ltr'>diditi</span> <span class='ocrx_word' id='word_1_2' title='bbox 338 78 491 217; x_wconf 76' lang='lat' dir='ltr'>Jniii</span> <span class='ocrx_word' id='word_1_3' title='bbox 528 80 788 233; x_wconf 58' lang='lat' dir='ltr'>Quintis.</span> <span class='ocrx_word' id='word_1_4' title='bbox 816 92 983 225; x_wconf 38' lang='lat'>&#39;169⁸&#39;¹</span> 
     </span>
    </p>
   </div>
   <div class='ocr_carea' id='block_1_2' title="bbox 77 230 987 3008">
    <p class='ocr_par' dir='ltr' id='par_1_2' title="bbox 77 230 987 1700">
     <span class='ocr_line' id='line_1_2' title="bbox 121 230 918 344; baseline 0.003 -29"><span class='ocrx_word' id='word_1_5' title='bbox 121 230 267 344; x_wconf 70' lang='lat' dir='ltr'>Quamvis</span> <span class='ocrx_word' id='word_1_6' title='bbox 274 275 342 317; x_wconf 81' lang='lat' dir='ltr'>veto</span> <span class='ocrx_word' id='word_1_7' title='bbox 353 253 457 323; x_wconf 86' lang='lat' dir='ltr'>modus</span> <span class='ocrx_word' id='word_1_8' title='bbox 469 252 631 319; x_wconf 76' lang='lat' dir='ltr'>transeundi</span> <span class='ocrx_word' id='word_1_9' title='bbox 640 274 700 315; x_wconf 87' lang='lat' dir='ltr'>uon</span> <span class='ocrx_word' id='word_1_10' title='bbox 710 254 820 331; x_wconf 77' lang='lat' dir='ltr'>penitus</span> <span class='ocrx_word' id='word_1_11' title='bbox 830 256 841 289; x_wconf 84' lang='lat'><strong>¹</strong></span> <span class='ocrx_word' id='word_1_12' title='bbox 853 277 918 319; x_wconf 82' lang='lat' dir='ltr'>mo·</span> 
     </span>
     <span class='ocr_line' id='line_1_3' title="bbox 78 330 987 410; baseline 0.003 -17"><span class='ocrx_word' id='word_1_13' title='bbox 78 347 128 393; x_wconf 85' lang='lat' dir='ltr'>tus</span> <span class='ocrx_word' id='word_1_14' title='bbox 140 340 183 406; x_wconf 84' lang='lat' dir='ltr'>iit,</span> <span class='ocrx_word' id='word_1_15' title='bbox 201 332 272 394; x_wconf 91' lang='lat' dir='ltr'>illud</span> <span class='ocrx_word' id='word_1_16' title='bbox 284 335 367 410; x_wconf 84' lang='lat' dir='ltr'>plane</span> <span class='ocrx_word' id='word_1_17' title='bbox 380 349 558 409; x_wconf 78' lang='lat' dir='ltr'>compertum</span> <span class='ocrx_word' id='word_1_18' title='bbox 571 331 622 404; x_wconf 88' lang='lat' dir='ltr'>est,</span> <span class='ocrx_word' id='word_1_19' title='bbox 641 330 747 392; x_wconf 85' lang='lat' dir='ltr'>durum</span> <span class='ocrx_word' id='word_1_20' title='bbox 760 352 807 407; x_wconf 81' lang='lat' dir='ltr'>per</span> <span class='ocrx_word' id='word_1_21' title='bbox 820 331 916 397; x_wconf 86' lang='lat' dir='ltr'>hocex</span> <span class='ocrx_word' id='word_1_22' title='bbox 983 344 987 349; x_wconf 82' lang='lat'><em>&#39;</em></span> 
     </span>
     <span class='ocr_line' id='line_1_4' title="bbox 80 407 917 487; baseline -0.002 -19"><span class='ocrx_word' id='word_1_23' title='bbox 80 408 171 470; x_wconf 82' lang='lat' dir='ltr'>amieo</span> <span class='ocrx_word' id='word_1_24' title='bbox 189 408 300 472; x_wconf 87' lang='lat' dir='ltr'>hostem</span> <span class='ocrx_word' id='word_1_25' title='bbox 314 408 415 470; x_wconf 71' lang='lat' dir='ltr'>caesari</span> <span class='ocrx_word' id='word_1_26' title='bbox 436 410 590 487; x_wconf 81' lang='lat' dir='ltr'>quaeiitum,</span> <span class='ocrx_word' id='word_1_27' title='bbox 609 407 658 470; x_wconf 88' lang='lat' dir='ltr'>sed</span> <span class='ocrx_word' id='word_1_28' title='bbox 681 409 849 469; x_wconf 86' lang='lat' dir='ltr'>innoxium:</span> <span class='ocrx_word' id='word_1_29' title='bbox 867 410 917 475; x_wconf 79' lang='lat' dir='ltr'>fibi</span> 
     </span>
     <span class='ocr_line' id='line_1_5' title="bbox 78 485 920 563; baseline -0.002 -18"><span class='ocrx_word' id='word_1_30' title='bbox 78 503 175 547; x_wconf 82' lang='lat' dir='ltr'>autem</span> <span class='ocrx_word' id='word_1_31' title='bbox 193 504 382 549; x_wconf 84' lang='lat' dir='ltr'>communem</span> <span class='ocrx_word' id='word_1_32' title='bbox 396 486 608 548; x_wconf 71' lang='lat' dir='ltr'>feteomnibue</span> <span class='ocrx_word' id='word_1_33' title='bbox 620 485 773 563; x_wconf 81' lang='lat' dir='ltr'>transfugis</span> <span class='ocrx_word' id='word_1_34' title='bbox 791 501 920 549; x_wconf 58' lang='lat' dir='ltr'>contem,</span> 
     </span>
     <span class='ocr_line' id='line_1_6' title="bbox 77 562 923 669; baseline -0.001 -45"><span class='ocrx_word' id='word_1_35' title='bbox 77 581 171 639; x_wconf 85' lang='lat' dir='ltr'>ptum.</span> <span class='ocrx_word' id='word_1_36' title='bbox 192 564 331 669; x_wconf 56' lang='lat' dir='ltr'>siquidem</span> <span class='ocrx_word' id='word_1_37' title='bbox 352 562 453 625; x_wconf 72' lang='lat' dir='ltr'>Cicero</span> <span class='ocrx_word' id='word_1_38' title='bbox 474 562 532 641; x_wconf 84' lang='lat' dir='ltr'>ipse</span> <span class='ocrx_word' id='word_1_39' title='bbox 550 565 599 643; x_wconf 87' lang='lat' dir='ltr'>qui</span> <span class='ocrx_word' id='word_1_40' title='bbox 623 582 692 623; x_wconf 87' lang='lat' dir='ltr'>eum</span> <span class='ocrx_word' id='word_1_41' title='bbox 710 562 759 623; x_wconf 83' lang='lat' dir='ltr'>sua</span> <span class='ocrx_word' id='word_1_42' title='bbox 784 562 923 623; x_wconf 76' lang='lat' dir='ltr'>sententia</span> 
     </span>
     <span class='ocr_line' id='line_1_7' title="bbox 80 638 920 714; baseline 0 -16"><span class='ocrx_word' id='word_1_43' title='bbox 80 653 222 714; x_wconf 78' lang='lat' dir='ltr'>magnum</span> <span class='ocrx_word' id='word_1_44' title='bbox 249 648 260 672; x_wconf 91' lang='lat'>²</span> <span class='ocrx_word' id='word_1_45' title='bbox 280 660 372 701; x_wconf 86' lang='lat' dir='ltr'>unum</span> <span class='ocrx_word' id='word_1_46' title='bbox 385 641 500 714; x_wconf 79' lang='lat' dir='ltr'>dixerat,</span> <span class='ocrx_word' id='word_1_47' title='bbox 511 638 664 702; x_wconf 85' lang='lat' dir='ltr'>confestim</span> <span class='ocrx_word' id='word_1_48' title='bbox 678 639 752 701; x_wconf 86' lang='lat' dir='ltr'>libro</span> <span class='ocrx_word' id='word_1_49' title='bbox 766 640 895 714; x_wconf 81' lang='lat' dir='ltr'>proximo</span> <span class='ocrx_word' id='word_1_50' title='bbox 910 662 920 699; x_wconf 81' lang='lat' dir='ltr'>e</span> 
     </span>
     <span class='ocr_line' id='line_1_8' title="bbox 81 715 922 799; baseline 0.006 -27"><span class='ocrx_word' id='word_1_51' title='bbox 81 723 112 772; x_wconf 79' lang='lat' dir='ltr'>In</span> <span class='ocrx_word' id='word_1_52' title='bbox 127 715 243 789; x_wconf 81' lang='lat' dir='ltr'><em>Labieno,</em></span> <span class='ocrx_word' id='word_1_53' title='bbox 263 718 365 796; x_wconf 85' lang='lat' dir='ltr'>inquit,</span> <span class='ocrx_word' id='word_1_54' title='bbox 384 734 476 793; x_wconf 77' lang='lat' dir='ltr'>perum</span> <span class='ocrx_word' id='word_1_55' title='bbox 489 718 523 799; x_wconf 66' lang='grc' dir='ltr'>ιβ</span> <span class='ocrx_word' id='word_1_56' title='bbox 534 719 676 793; x_wconf 73' lang='lat' dir='ltr'><em>dignitatis.</em></span> <span class='ocrx_word' id='word_1_57' title='bbox 695 716 775 777; x_wconf 87' lang='lat' dir='ltr'>unde</span> <span class='ocrx_word' id='word_1_58' title='bbox 788 718 804 777; x_wconf 82' lang='lat' dir='ltr'>d</span> <span class='ocrx_word' id='word_1_59' title='bbox 819 716 922 791; x_wconf 80' lang='lat' dir='ltr'>princi·</span> 
     </span>
     <span class='ocr_line' id='line_1_9' title="bbox 82 792 923 873; baseline 0.006 -23"><span class='ocrx_word' id='word_1_60' title='bbox 82 794 134 867; x_wconf 88' lang='lat' dir='ltr'>pio</span> <span class='ocrx_word' id='word_1_61' title='bbox 147 792 271 854; x_wconf 85' lang='lat' dir='ltr'>arbitrari</span> <span class='ocrx_word' id='word_1_62' title='bbox 281 793 310 853; x_wconf 85' lang='lat' dir='ltr'>se</span> <span class='ocrx_word' id='word_1_63' title='bbox 321 797 368 866; x_wconf 79' lang='lat' dir='ltr'>uit,</span> <span class='ocrx_word' id='word_1_64' title='bbox 386 797 471 857; x_wconf 82' lang='lat' dir='ltr'>iilum</span> <span class='ocrx_word' id='word_1_65' title='bbox 482 797 540 873; x_wconf 83' lang='lat' dir='ltr'>jam</span> <span class='ocrx_word' id='word_1_66' title='bbox 553 811 622 856; x_wconf 86' lang='lat' dir='ltr'>tuuc</span> <span class='ocrx_word' id='word_1_67' title='bbox 641 793 848 869; x_wconf 81' lang='lat' dir='ltr'>sui&#39;transfugii</span> <span class='ocrx_word' id='word_1_68' title='bbox 862 814 923 870; x_wconf 78' lang='lat' dir='ltr'>poe·</span> 
     </span>
     <span class='ocr_line' id='line_1_10' title="bbox 79 869 921 961; baseline 0.002 -32"><span class='ocrx_word' id='word_1_69' title='bbox 79 871 174 930; x_wconf 85' lang='lat' dir='ltr'>nitere</span> <span class='ocrx_word' id='word_1_70' title='bbox 189 895 198 943; x_wconf 87' lang='lat'>;</span> <span class='ocrx_word' id='word_1_71' title='bbox 217 869 293 961; x_wconf 78' lang='lat' dir='ltr'>quod</span> <span class='ocrx_word' id='word_1_72' title='bbox 307 872 473 949; x_wconf 74' lang='lat' dir='ltr'>Pompeium</span> <span class='ocrx_word' id='word_1_73' title='bbox 486 871 632 934; x_wconf 78' lang='lat' dir='ltr'>seilicet&amp;</span> <span class='ocrx_word' id='word_1_74' title='bbox 649 871 778 933; x_wconf 85' lang='lat' dir='ltr'>consules</span> <span class='ocrx_word' id='word_1_75' title='bbox 789 871 921 949; x_wconf 87' lang='lat' dir='ltr'>vitesque</span> 
     </span>
     <span class='ocr_line' id='line_1_11' title="bbox 80 948 921 1025; baseline 0.004 -19"><span class='ocrx_word' id='word_1_76' title='bbox 80 967 184 1009; x_wconf 87' lang='lat' dir='ltr'>omnes</span> <span class='ocrx_word' id='word_1_77' title='bbox 197 948 365 1023; x_wconf 81' lang='lat' dir='ltr'>neipublicae,</span> <span class='ocrx_word' id='word_1_78' title='bbox 384 952 453 1011; x_wconf 83' lang='lat' dir='ltr'>urhe</span> <span class='ocrx_word' id='word_1_79' title='bbox 468 949 585 1022; x_wconf 80' lang='lat' dir='ltr'>deserta,</span> <span class='ocrx_word' id='word_1_80' title='bbox 603 948 704 1023; x_wconf 73' lang='lat' dir='ltr'>spttsas</span> <span class='ocrx_word' id='word_1_81' title='bbox 727 970 775 1025; x_wconf 86' lang='lat' dir='ltr'>per</span> <span class='ocrx_word' id='word_1_82' title='bbox 797 949 921 1020; x_wconf 82' lang='lat' dir='ltr'>Italiam,</span> 
     </span>
     <span class='ocr_line' id='line_1_12' title="bbox 78 1025 921 1104; baseline 0.005 -21"><span class='ocrx_word' id='word_1_83' title='bbox 78 1026 225 1104; x_wconf 75' lang='lat' dir='ltr'>longeque</span> <span class='ocrx_word' id='word_1_84' title='bbox 237 1027 326 1087; x_wconf 79' lang='lat' dir='ltr'>alium</span> <span class='ocrx_word' id='word_1_85' title='bbox 338 1047 434 1089; x_wconf 86' lang='lat' dir='ltr'>tetum</span> <span class='ocrx_word' id='word_1_86' title='bbox 448 1027 550 1091; x_wconf 77' lang='lat' dir='ltr'>statum</span> <span class='ocrx_word' id='word_1_87' title='bbox 582 1046 648 1087; x_wconf 76' lang='lat' dir='ltr'>uun</span> <span class='ocrx_word' id='word_1_88' title='bbox 671 1025 828 1103; x_wconf 84' lang='lat' dir='ltr'>speraverat</span> <span class='ocrx_word' id='word_1_89' title='bbox 839 1027 921 1087; x_wconf 87' lang='lat' dir='ltr'>inve·</span> 
     </span>
     <span class='ocr_line' id='line_1_13' title="bbox 78 1044 923 1181; baseline 0.004 -19"><span class='ocrx_word' id='word_1_90' title='bbox 78 1102 169 1163; x_wconf 75' lang='lat' dir='ltr'>m&#39;sset.</span> <span class='ocrx_word' id='word_1_91' title='bbox 210 1101 374 1165; x_wconf 83' lang='lat' dir='ltr'>Commune</span> <span class='ocrx_word' id='word_1_92' title='bbox 393 1107 504 1165; x_wconf 79' lang='lat' dir='ltr'>malum</span> <span class='ocrx_word' id='word_1_93' title='bbox 529 1044 712 1176; x_wconf 54' lang='lat' dir='ltr'>instabilium,</span> <span class='ocrx_word' id='word_1_94' title='bbox 734 1125 768 1166; x_wconf 81' lang='lat' dir='ltr'>ae</span> <span class='ocrx_word' id='word_1_95' title='bbox 783 1123 923 1181; x_wconf 77' lang='lat' dir='ltr'>vagarum</span> 
     </span>
     <span class='ocr_line' id='line_1_14' title="bbox 77 1181 918 1259; baseline 0.001 -20"><span class='ocrx_word' id='word_1_96' title='bbox 77 1181 230 1241; x_wconf 74' lang='lat' dir='ltr'>mentium</span> <span class='ocrx_word' id='word_1_97' title='bbox 270 1181 370 1243; x_wconf 81' lang='lat' dir='ltr'>Sciunt</span> <span class='ocrx_word' id='word_1_98' title='bbox 383 1181 526 1254; x_wconf 82' lang='lat' dir='ltr'>homines,</span> <span class='ocrx_word' id='word_1_99' title='bbox 553 1200 615 1259; x_wconf 82' lang='lat' dir='ltr'>quae</span> <span class='ocrx_word' id='word_1_100' title='bbox 637 1181 803 1259; x_wconf 82' lang='lat' dir='ltr'>relinquunt</span> <span class='ocrx_word' id='word_1_101' title='bbox 824 1182 918 1258; x_wconf 82' lang='lat' dir='ltr'>qualia</span> 
     </span>
     <span class='ocr_line' id='line_1_15' title="bbox 79 1256 921 1333; baseline 0.001 -17"><span class='ocrx_word' id='word_1_102' title='bbox 79 1257 145 1317; x_wconf 84' lang='lat' dir='ltr'>sint.</span> <span class='ocrx_word' id='word_1_103' title='bbox 167 1275 194 1316; x_wconf 88' lang='lat' dir='ltr'>at</span> <span class='ocrx_word' id='word_1_104' title='bbox 206 1277 270 1332; x_wconf 77' lang='lat' dir='ltr'>quae</span> <span class='ocrx_word' id='word_1_105' title='bbox 284 1275 387 1332; x_wconf 81' lang='lat' dir='ltr'>petunt</span> <span class='ocrx_word' id='word_1_106' title='bbox 398 1258 537 1318; x_wconf 84' lang='lat' dir='ltr'>nesciunt.</span> <span class='ocrx_word' id='word_1_107' title='bbox 555 1258 633 1318; x_wconf 86' lang='lat' dir='ltr'>unde</span> <span class='ocrx_word' id='word_1_108' title='bbox 646 1256 689 1327; x_wconf 86' lang='lat' dir='ltr'>fit,</span> <span class='ocrx_word' id='word_1_109' title='bbox 708 1275 742 1318; x_wconf 90' lang='lat' dir='ltr'>ut</span> <span class='ocrx_word' id='word_1_110' title='bbox 753 1258 822 1333; x_wconf 74' lang='lat' dir='ltr'>stepo</span> <span class='ocrx_word' id='word_1_111' title='bbox 838 1258 921 1317; x_wconf 83' lang='lat' dir='ltr'>sein·</span> 
     </span>
     <span class='ocr_line' id='line_1_16' title="bbox 81 1332 922 1407; baseline 0 -16"><span class='ocrx_word' id='word_1_112' title='bbox 81 1333 203 1392; x_wconf 82' lang='lat' dir='ltr'>veniant</span> <span class='ocrx_word' id='word_1_113' title='bbox 215 1334 349 1407; x_wconf 84' lang='lat' dir='ltr'>minores,</span> <span class='ocrx_word' id='word_1_114' title='bbox 368 1332 397 1392; x_wconf 83' lang='lat'>&amp;</span> <span class='ocrx_word' id='word_1_115' title='bbox 408 1334 502 1392; x_wconf 68' lang='lat' dir='ltr'>relide</span> <span class='ocrx_word' id='word_1_116' title='bbox 513 1332 663 1406; x_wconf 81' lang='lat' dir='ltr'>suspirent,</span> <span class='ocrx_word' id='word_1_117' title='bbox 680 1333 708 1390; x_wconf 77' lang='grc' dir='ltr'>δι</span> <span class='ocrx_word' id='word_1_118' title='bbox 720 1335 836 1393; x_wconf 82' lang='lat' dir='ltr'>inventa</span> <span class='ocrx_word' id='word_1_119' title='bbox 846 1332 922 1393; x_wconf 74' lang='lat' dir='ltr'>fasti-</span> 
     </span>
     <span class='ocr_line' id='line_1_17' title="bbox 81 1406 924 1483; baseline 0 -15"><span class='ocrx_word' id='word_1_120' title='bbox 81 1408 172 1468; x_wconf 80' lang='lat' dir='ltr'>diant.</span> <span class='ocrx_word' id='word_1_121' title='bbox 192 1406 252 1469; x_wconf 80' lang='lat' dir='ltr'>haec</span> <span class='ocrx_word' id='word_1_122' title='bbox 262 1426 321 1467; x_wconf 83' lang='lat' dir='ltr'>tam</span> <span class='ocrx_word' id='word_1_123' title='bbox 335 1410 424 1467; x_wconf 86' lang='lat' dir='ltr'>multa</span> <span class='ocrx_word' id='word_1_124' title='bbox 439 1409 474 1467; x_wconf 86' lang='lat' dir='ltr'>de</span> <span class='ocrx_word' id='word_1_125' title='bbox 486 1409 624 1479; x_wconf 75' lang='lat' dir='ltr'>Labieno,</span> <span class='ocrx_word' id='word_1_126' title='bbox 643 1408 709 1482; x_wconf 81' lang='lat' dir='ltr'>quia</span> <span class='ocrx_word' id='word_1_127' title='bbox 722 1427 765 1467; x_wconf 87' lang='lat' dir='ltr'>res</span> <span class='ocrx_word' id='word_1_128' title='bbox 784 1408 858 1483; x_wconf 83' lang='lat' dir='ltr'>apud</span> <span class='ocrx_word' id='word_1_129' title='bbox 880 1407 924 1469; x_wconf 85' lang='lat' dir='ltr'>hi·</span> 
     </span>
     <span class='ocr_line' id='line_1_18' title="bbox 83 1482 928 1559; baseline 0.001 -14"><span class='ocrx_word' id='word_1_130' title='bbox 83 1485 204 1545; x_wconf 84' lang='lat' dir='ltr'>storicos</span> <span class='ocrx_word' id='word_1_131' title='bbox 227 1485 341 1544; x_wconf 83' lang='lat' dir='ltr'>videtur</span> <span class='ocrx_word' id='word_1_132' title='bbox 363 1486 511 1557; x_wconf 75' lang='lat' dir='ltr'>oeeultior,</span> <span class='ocrx_word' id='word_1_133' title='bbox 543 1482 573 1544; x_wconf 78' lang='grc' dir='ltr'>δι</span> <span class='ocrx_word' id='word_1_134' title='bbox 599 1482 739 1542; x_wconf 80' lang='lat' dir='ltr'>curiositas</span> <span class='ocrx_word' id='word_1_135' title='bbox 766 1485 928 1559; x_wconf 82' lang='lat' dir='ltr'>legentium</span> 
     </span>
     <span class='ocr_line' id='line_1_19' title="bbox 84 1559 925 1652; baseline -0.001 -30"><span class='ocrx_word' id='word_1_136' title='bbox 84 1561 163 1623; x_wconf 84' lang='lat' dir='ltr'>nihil.</span> <span class='ocrx_word' id='word_1_137' title='bbox 179 1561 263 1622; x_wconf 83' lang='lat' dir='ltr'>etiam</span> <span class='ocrx_word' id='word_1_138' title='bbox 281 1562 436 1652; x_wconf 84' lang='lat' dir='ltr'>minimum</span> <span class='ocrx_word' id='word_1_139' title='bbox 447 1560 560 1639; x_wconf 84' lang='lat' dir='ltr'>respuit,</span> <span class='ocrx_word' id='word_1_140' title='bbox 579 1560 658 1639; x_wconf 87' lang='lat' dir='ltr'>quod</span> <span class='ocrx_word' id='word_1_141' title='bbox 670 1559 790 1637; x_wconf 84' lang='lat' dir='ltr'>cognitu</span> <span class='ocrx_word' id='word_1_142' title='bbox 811 1560 844 1623; x_wconf 86' lang='lat' dir='ltr'>su</span> <span class='ocrx_word' id='word_1_143' title='bbox 862 1560 925 1639; x_wconf 84' lang='lat' dir='ltr'>dig-</span> 
     </span>
     <span class='ocr_line' id='line_1_20' title="bbox 85 1659 169 1700; baseline -0.024 -1"><span class='ocrx_word' id='word_1_144' title='bbox 85 1659 169 1700; x_wconf 87' lang='lat' dir='ltr'>mun.</span> 
     </span>
    </p>

    <p class='ocr_par' dir='ltr' id='par_1_3' title="bbox 83 1712 928 2255">
     <span class='ocr_line' id='line_1_21' title="bbox 127 1712 922 1794; baseline 0.004 -19"><span class='ocrx_word' id='word_1_145' title='bbox 127 1717 163 1777; x_wconf 86' lang='lat' dir='ltr'>Et</span> <span class='ocrx_word' id='word_1_146' title='bbox 173 1712 313 1784; x_wconf 80' lang='lat' dir='ltr'>haecciam</span> <span class='ocrx_word' id='word_1_147' title='bbox 325 1736 376 1794; x_wconf 86' lang='lat' dir='ltr'>per</span> <span class='ocrx_word' id='word_1_148' title='bbox 386 1716 513 1791; x_wconf 85' lang='lat' dir='ltr'>nuntios,</span> <span class='ocrx_word' id='word_1_149' title='bbox 531 1715 579 1777; x_wconf 80' lang='lat' dir='ltr'>ina</span> <span class='ocrx_word' id='word_1_150' title='bbox 592 1716 682 1792; x_wconf 81' lang='lat' dir='ltr'>palam</span> <span class='ocrx_word' id='word_1_151' title='bbox 693 1714 725 1775; x_wconf 89' lang='lat' dir='ltr'>in</span> <span class='ocrx_word' id='word_1_152' title='bbox 736 1714 840 1776; x_wconf 76' lang='lat' dir='ltr'>Senatu</span> <span class='ocrx_word' id='word_1_153' title='bbox 847 1714 922 1777; x_wconf 75' lang='lat' dir='ltr'>dina</span> 
     </span>
     <span class='ocr_line' id='line_1_22' title="bbox 84 1792 924 1871; baseline 0.002 -18"><span class='ocrx_word' id='word_1_154' title='bbox 84 1809 183 1854; x_wconf 82' lang='lat' dir='ltr'>contra</span> <span class='ocrx_word' id='word_1_155' title='bbox 196 1792 330 1856; x_wconf 81' lang='lat' dir='ltr'>Caesarem</span> <span class='ocrx_word' id='word_1_156' title='bbox 343 1814 375 1855; x_wconf 82' lang='lat' dir='ltr'>ae</span> <span class='ocrx_word' id='word_1_157' title='bbox 387 1793 504 1856; x_wconf 82' lang='lat' dir='ltr'>decreta.</span> <span class='ocrx_word' id='word_1_158' title='bbox 525 1812 608 1854; x_wconf 79' lang='lat' dir='ltr'>novae</span> <span class='ocrx_word' id='word_1_159' title='bbox 622 1794 706 1853; x_wconf 83' lang='lat' dir='ltr'>etiam</span> <span class='ocrx_word' id='word_1_160' title='bbox 718 1793 771 1852; x_wconf 85' lang='lat' dir='ltr'>viae</span> <span class='ocrx_word' id='word_1_161' title='bbox 782 1796 924 1871; x_wconf 80' lang='lat' dir='ltr'>excogita·</span> 
     </span>
     <span class='ocr_line' id='line_1_23' title="bbox 83 1869 920 1948; baseline 0.002 -19"><span class='ocrx_word' id='word_1_162' title='bbox 83 1889 132 1944; x_wconf 80' lang='lat' dir='ltr'>tae,</span> <span class='ocrx_word' id='word_1_163' title='bbox 150 1871 251 1948; x_wconf 88' lang='lat' dir='ltr'>quibus</span> <span class='ocrx_word' id='word_1_164' title='bbox 262 1873 324 1945; x_wconf 80' lang='lat' dir='ltr'>ejus</span> <span class='ocrx_word' id='word_1_165' title='bbox 336 1869 467 1948; x_wconf 81' lang='lat' dir='ltr'>potestas,</span> <span class='ocrx_word' id='word_1_166' title='bbox 485 1890 548 1948; x_wconf 76' lang='lat' dir='ltr'>quae</span> <span class='ocrx_word' id='word_1_167' title='bbox 564 1871 661 1929; x_wconf 87' lang='lat' dir='ltr'>multis</span> <span class='ocrx_word' id='word_1_168' title='bbox 671 1870 857 1931; x_wconf 79' lang='lat' dir='ltr'>formidabilis</span> <span class='ocrx_word' id='word_1_169' title='bbox 868 1870 920 1931; x_wconf 76' lang='lat' dir='ltr'>ede</span> 
     </span>
     <span class='ocr_line' id='line_1_24' title="bbox 86 1947 923 2025; baseline 0.006 -20"><span class='ocrx_word' id='word_1_170' title='bbox 86 1963 221 2022; x_wconf 79' lang='lat' dir='ltr'>coepetat,</span> <span class='ocrx_word' id='word_1_171' title='bbox 240 1951 387 2008; x_wconf 84' lang='lat' dir='ltr'>tolleretur</span> <span class='ocrx_word' id='word_1_172' title='bbox 408 1965 457 2008; x_wconf 77' lang='lat' dir='ltr'>aut</span> <span class='ocrx_word' id='word_1_173' title='bbox 470 1965 544 2008; x_wconf 84' lang='lat' dir='ltr'>certe</span> <span class='ocrx_word' id='word_1_174' title='bbox 557 1947 738 2007; x_wconf 72' lang='lat' dir='ltr'>minueretur.</span> <span class='ocrx_word' id='word_1_175' title='bbox 754 1980 756 1985; x_wconf 70' lang='lat'>,</span> <span class='ocrx_word' id='word_1_176' title='bbox 775 1947 923 2025; x_wconf 84' lang='lat' dir='ltr'>Siquidem</span> 
     </span>
     <span class='ocr_line' id='line_1_25' title="bbox 87 2022 925 2099; baseline 0 -17"><span class='ocrx_word' id='word_1_177' title='bbox 87 2022 198 2082; x_wconf 66' lang='lat' dir='ltr'>cunstis</span> <span class='ocrx_word' id='word_1_178' title='bbox 209 2025 265 2096; x_wconf 80' lang='lat' dir='ltr'>jam</span> <span class='ocrx_word' id='word_1_179' title='bbox 279 2023 499 2099; x_wconf 82' lang='lat' dir='ltr'>magnificentia,</span> <span class='ocrx_word' id='word_1_180' title='bbox 519 2023 720 2084; x_wconf 80' lang='lat' dir='ltr'>&amp;liberalitate</span> <span class='ocrx_word' id='word_1_181' title='bbox 736 2022 854 2083; x_wconf 82' lang='lat' dir='ltr'>Caesarea</span> <span class='ocrx_word' id='word_1_182' title='bbox 867 2024 925 2085; x_wconf 85' lang='lat' dir='ltr'>stu·</span> 
     </span>
     <span class='ocr_line' id='line_1_26' title="bbox 86 2098 928 2176; baseline 0.004 -18"><span class='ocrx_word' id='word_1_183' title='bbox 86 2098 216 2176; x_wconf 67' lang='lat' dir='ltr'>pefidis,</span> <span class='ocrx_word' id='word_1_184' title='bbox 236 2098 348 2176; x_wconf 84' lang='lat' dir='ltr'>&amp;quid</span> <span class='ocrx_word' id='word_1_185' title='bbox 366 2100 409 2160; x_wconf 89' lang='lat' dir='ltr'>his</span> <span class='ocrx_word' id='word_1_186' title='bbox 426 2104 507 2161; x_wconf 81' lang='lat' dir='ltr'>rebus</span> <span class='ocrx_word' id='word_1_187' title='bbox 526 2103 623 2175; x_wconf 81' lang='lat' dir='ltr'>tantis,</span> <span class='ocrx_word' id='word_1_188' title='bbox 640 2100 668 2161; x_wconf 72' lang='grc' dir='ltr'>ἃ</span> <span class='ocrx_word' id='word_1_189' title='bbox 688 2104 817 2162; x_wconf 75' lang='lat' dir='ltr'>tamine</span> <span class='ocrx_word' id='word_1_190' title='bbox 831 2102 928 2162; x_wconf 76' lang='lat' dir='ltr'>effusis</span> 
     </span>
     <span class='ocr_line' id='line_1_27' title="bbox 85 2176 925 2255; baseline 0.002 -18"><span class='ocrx_word' id='word_1_191' title='bbox 85 2176 140 2237; x_wconf 74' lang='lat' dir='ltr'>sibi</span> <span class='ocrx_word' id='word_1_192' title='bbox 152 2178 241 2236; x_wconf 74' lang='lat' dir='ltr'>vellet</span> <span class='ocrx_word' id='word_1_193' title='bbox 260 2176 356 2240; x_wconf 86' lang='lat' dir='ltr'>secum</span> <span class='ocrx_word' id='word_1_194' title='bbox 378 2180 467 2239; x_wconf 74' lang='lat' dir='ltr'>tacitis</span> <span class='ocrx_word' id='word_1_195' title='bbox 480 2178 690 2251; x_wconf 77' lang='lat' dir='ltr'>meditantibus,</span> <span class='ocrx_word' id='word_1_196' title='bbox 716 2198 770 2238; x_wconf 78' lang='lat' dir='ltr'>nee</span> <span class='ocrx_word' id='word_1_197' title='bbox 782 2180 863 2255; x_wconf 89' lang='lat' dir='ltr'>loqui</span> <span class='ocrx_word' id='word_1_198' title='bbox 874 2179 925 2239; x_wconf 80' lang='lat' dir='ltr'>ali·</span> 
     </span>
    </p>

    <p class='ocr_par' dir='ltr' id='par_1_4' title="bbox 85 2252 929 2957">
     <span class='ocr_line' id='line_1_28' title="bbox 107 2252 924 2328; baseline 0.002 -14"><span class='ocrx_word' id='word_1_199' title='bbox 107 2253 159 2314; x_wconf 90' lang='lat' dir='ltr'>uid</span> <span class='ocrx_word' id='word_1_200' title='bbox 175 2257 186 2297; x_wconf 85' lang='lat'>³</span> <span class='ocrx_word' id='word_1_201' title='bbox 204 2252 402 2328; x_wconf 83' lang='lat' dir='ltr'>audientibus;</span> <span class='ocrx_word' id='word_1_202' title='bbox 423 2254 537 2317; x_wconf 77' lang='lat' dir='ltr'>Marcus</span> <span class='ocrx_word' id='word_1_203' title='bbox 550 2253 684 2316; x_wconf 77' lang='lat' dir='ltr'>claudius</span> <span class='ocrx_word' id='word_1_204' title='bbox 695 2254 848 2316; x_wconf 83' lang='lat' dir='ltr'>Marcellus</span> <span class='ocrx_word' id='word_1_205' title='bbox 857 2276 924 2316; x_wconf 78' lang='lat' dir='ltr'>con·</span> 
     </span>
     <span class='ocr_line' id='line_1_29' title="bbox 85 2273 928 2409; baseline -0.005 -15"><span class='ocrx_word' id='word_1_206' title='bbox 85 2273 140 2405; x_wconf 55' lang='lat' dir='ltr'>iul,</span> <span class='ocrx_word' id='word_1_207' title='bbox 163 2332 210 2393; x_wconf 85' lang='lat' dir='ltr'>cui</span> <span class='ocrx_word' id='word_1_208' title='bbox 222 2352 259 2393; x_wconf 81' lang='lat' dir='ltr'>an</span> <span class='ocrx_word' id='word_1_209' title='bbox 279 2353 376 2393; x_wconf 79' lang='lat' dir='ltr'>amore</span> <span class='ocrx_word' id='word_1_210' title='bbox 390 2334 515 2409; x_wconf 83' lang='lat' dir='ltr'>publico,</span> <span class='ocrx_word' id='word_1_211' title='bbox 532 2353 568 2394; x_wconf 81' lang='lat' dir='ltr'>an</span> <span class='ocrx_word' id='word_1_212' title='bbox 589 2332 700 2409; x_wconf 81' lang='lat' dir='ltr'>privato</span> <span class='ocrx_word' id='word_1_213' title='bbox 718 2333 786 2392; x_wconf 92' lang='lat' dir='ltr'>odio</span> <span class='ocrx_word' id='word_1_214' title='bbox 802 2331 928 2407; x_wconf 79' lang='lat' dir='ltr'>dignitas</span> 
     </span>
     <span class='ocr_line' id='line_1_30' title="bbox 86 2408 926 2488; baseline -0.004 -19"><span class='ocrx_word' id='word_1_215' title='bbox 86 2409 200 2470; x_wconf 80' lang='lat' dir='ltr'>Caesaris</span> <span class='ocrx_word' id='word_1_216' title='bbox 220 2428 253 2469; x_wconf 80' lang='lat' dir='ltr'>ac</span> <span class='ocrx_word' id='word_1_217' title='bbox 272 2408 392 2486; x_wconf 83' lang='lat' dir='ltr'>potestas</span> <span class='ocrx_word' id='word_1_218' title='bbox 413 2410 501 2471; x_wconf 75' lang='lat' dir='ltr'>invisa</span> <span class='ocrx_word' id='word_1_219' title='bbox 512 2428 594 2483; x_wconf 81' lang='lat' dir='ltr'>erat3</span> <span class='ocrx_word' id='word_1_220' title='bbox 612 2409 757 2488; x_wconf 83' lang='lat' dir='ltr'>frequenti</span> <span class='ocrx_word' id='word_1_221' title='bbox 774 2410 871 2468; x_wconf 82' lang='lat' dir='ltr'>senatu</span> <span class='ocrx_word' id='word_1_222' title='bbox 884 2427 926 2468; x_wconf 84' lang='lat' dir='ltr'>te-</span> 
     </span>
     <span class='ocr_line' id='line_1_31' title="bbox 87 2485 926 2564; baseline -0.006 -15"><span class='ocrx_word' id='word_1_223' title='bbox 87 2485 174 2549; x_wconf 75' lang='lat' dir='ltr'>status</span> <span class='ocrx_word' id='word_1_224' title='bbox 194 2486 231 2547; x_wconf 82' lang='lat' dir='ltr'>d‘e</span> <span class='ocrx_word' id='word_1_225' title='bbox 255 2485 345 2547; x_wconf 82' lang='lat' dir='ltr'>salute</span> <span class='ocrx_word' id='word_1_226' title='bbox 363 2489 520 2564; x_wconf 63' lang='lat' dir='ltr'>reipublice</span> <span class='ocrx_word' id='word_1_227' title='bbox 536 2486 564 2547; x_wconf 85' lang='lat' dir='ltr'>se</span> <span class='ocrx_word' id='word_1_228' title='bbox 576 2486 716 2557; x_wconf 68' lang='lat' dir='ltr'>asturum,</span> <span class='ocrx_word' id='word_1_229' title='bbox 734 2486 877 2556; x_wconf 80' lang='lat' dir='ltr'>definivit,</span> <span class='ocrx_word' id='word_1_230' title='bbox 892 2504 926 2545; x_wconf 91' lang='lat' dir='ltr'>ut</span> 
     </span>
     <span class='ocr_line' id='line_1_32' title="bbox 88 2561 927 2634; baseline -0.005 -10"><span class='ocrx_word' id='word_1_231' title='bbox 88 2583 157 2624; x_wconf 86' lang='lat' dir='ltr'>cum</span> <span class='ocrx_word' id='word_1_232' title='bbox 176 2563 284 2623; x_wconf 87' lang='lat' dir='ltr'>bellum</span> <span class='ocrx_word' id='word_1_233' title='bbox 296 2564 329 2625; x_wconf 86' lang='lat' dir='ltr'>in</span> <span class='ocrx_word' id='word_1_234' title='bbox 341 2564 432 2625; x_wconf 77' lang='lat' dir='ltr'>Gallia</span> <span class='ocrx_word' id='word_1_235' title='bbox 446 2565 562 2628; x_wconf 87' lang='lat' dir='ltr'>finitum</span> <span class='ocrx_word' id='word_1_236' title='bbox 584 2561 659 2634; x_wconf 75' lang='lat' dir='ltr'>eder,</span> <span class='ocrx_word' id='word_1_237' title='bbox 680 2563 870 2621; x_wconf 82' lang='lat' dir='ltr'>dimitteretur</span> <span class='ocrx_word' id='word_1_238' title='bbox 884 2563 927 2620; x_wconf 87' lang='lat' dir='ltr'>vi·</span> 
     </span>
     <span class='ocr_line' id='line_1_33' title="bbox 87 2633 928 2720; baseline -0.006 -19"><span class='ocrx_word' id='word_1_239' title='bbox 87 2640 149 2701; x_wconf 72' lang='lat' dir='ltr'>stoi</span> <span class='ocrx_word' id='word_1_240' title='bbox 171 2641 318 2702; x_wconf 85' lang='lat' dir='ltr'>exercitus.</span> <span class='ocrx_word' id='word_1_241' title='bbox 338 2642 554 2720; x_wconf 80' lang='lat' dir='ltr'>&amp;quamquam</span> <span class='ocrx_word' id='word_1_242' title='bbox 567 2660 633 2700; x_wconf 80' lang='lat' dir='ltr'>ante</span> <span class='ocrx_word' id='word_1_243' title='bbox 651 2656 773 2711; x_wconf 86' lang='lat' dir='ltr'>tempus,</span> <span class='ocrx_word' id='word_1_244' title='bbox 792 2633 928 2696; x_wconf 77' lang='lat' dir='ltr'>successor</span> 
     </span>
     <span class='ocr_line' id='line_1_34' title="bbox 90 2710 929 2797; baseline -0.005 -20"><span class='ocrx_word' id='word_1_245' title='bbox 90 2715 189 2777; x_wconf 76' lang='lat' dir='ltr'>caesan</span> <span class='ocrx_word' id='word_1_246' title='bbox 201 2718 369 2791; x_wconf 80' lang='lat' dir='ltr'>mitteretur,</span> <span class='ocrx_word' id='word_1_247' title='bbox 389 2722 440 2797; x_wconf 89' lang='lat' dir='ltr'>qui</span> <span class='ocrx_word' id='word_1_248' title='bbox 461 2721 493 2780; x_wconf 89' lang='lat' dir='ltr'>in</span> <span class='ocrx_word' id='word_1_249' title='bbox 512 2736 577 2794; x_wconf 83' lang='lat' dir='ltr'>pace</span> <span class='ocrx_word' id='word_1_250' title='bbox 592 2715 767 2793; x_wconf 80' lang='lat' dir='ltr'>provinciam</span> <span class='ocrx_word' id='word_1_251' title='bbox 789 2710 929 2787; x_wconf 83' lang='lat' dir='ltr'>guberna·</span> 
     </span>
     <span class='ocr_line' id='line_1_35' title="bbox 90 2789 929 2873; baseline 0 -20"><span class='ocrx_word' id='word_1_252' title='bbox 90 2811 144 2863; x_wconf 82' lang='lat' dir='ltr'>tet,</span> <span class='ocrx_word' id='word_1_253' title='bbox 163 2795 219 2873; x_wconf 77' lang='lat' dir='ltr'>ipse</span> <span class='ocrx_word' id='word_1_254' title='bbox 231 2812 299 2853; x_wconf 87' lang='lat' dir='ltr'>vero</span> <span class='ocrx_word' id='word_1_255' title='bbox 313 2794 369 2855; x_wconf 85' lang='lat' dir='ltr'>ssne</span> <span class='ocrx_word' id='word_1_256' title='bbox 382 2796 502 2872; x_wconf 84' lang='lat' dir='ltr'>imperio</span> <span class='ocrx_word' id='word_1_257' title='bbox 510 2794 623 2855; x_wconf 80' lang='lat' dir='ltr'>rediret.</span> <span class='ocrx_word' id='word_1_258' title='bbox 642 2790 752 2850; x_wconf 89' lang='lat' dir='ltr'>addidit</span> <span class='ocrx_word' id='word_1_259' title='bbox 762 2810 799 2850; x_wconf 87' lang='lat' dir='ltr'>ne</span> <span class='ocrx_word' id='word_1_260' title='bbox 810 2789 929 2853; x_wconf 86' lang='lat' dir='ltr'>absentis</span> 
     </span>
     <span class='ocr_line' id='line_1_36' title="bbox 93 2866 929 2957; baseline -0.005 -24"><span class='ocrx_word' id='word_1_261' title='bbox 93 2870 165 2933; x_wconf 74' lang='lat' dir='ltr'>tatio</span> <span class='ocrx_word' id='word_1_262' title='bbox 176 2871 299 2934; x_wconf 85' lang='lat' dir='ltr'>comitiis</span> <span class='ocrx_word' id='word_1_263' title='bbox 312 2871 504 2935; x_wconf 80' lang='lat' dir='ltr'>consularibus</span> <span class='ocrx_word' id='word_1_264' title='bbox 515 2870 672 2941; x_wconf 82' lang='lat' dir='ltr'>haberetur,</span> <span class='ocrx_word' id='word_1_265' title='bbox 685 2866 764 2943; x_wconf 86' lang='lat' dir='ltr'>quod</span> <span class='ocrx_word' id='word_1_266' title='bbox 776 2869 929 2957; x_wconf 60' lang='lat' dir='ltr'>licetcomj</span> 
     </span>
    </p>

    <p class='ocr_par' dir='ltr' id='par_1_5' title="bbox 128 2966 937 3008">
     <span class='ocr_line' id='line_1_37' title="bbox 128 2966 937 3008; baseline 0 0"><span class='ocrx_word' id='word_1_267' title='bbox 128 2968 135 2982; x_wconf 62' lang='lat'>⁸</span> <span class='ocrx_word' id='word_1_268' title='bbox 845 2966 937 3008; x_wconf 79' lang='lat' dir='ltr'>inum·</span> 
     </span>
    </p>
   </div>
   <div class='ocr_carea' id='block_1_3' title="bbox 128 3046 805 3169">
    <p class='ocr_par' dir='ltr' id='par_1_6' title="bbox 128 3046 805 3169">
     <span class='ocr_line' id='line_1_38' title="bbox 131 3046 805 3143; baseline -0.009 -46"><span class='ocrx_word' id='word_1_269' title='bbox 131 3064 152 3097; x_wconf 78' lang='lat'>1·</span> <span class='ocrx_word' id='word_1_270' title='bbox 169 3051 235 3108; x_wconf 71' lang='lat' dir='ltr'>Lege,</span> <span class='ocrx_word' id='word_1_271' title='bbox 251 3062 317 3124; x_wconf 70' lang='lat' dir='ltr'>nitus.</span> <span class='ocrx_word' id='word_1_272' title='bbox 507 3049 519 3143; x_wconf 69' lang='grc' dir='ltr'><strong>ι</strong></span> <span class='ocrx_word' id='word_1_273' title='bbox 558 3061 578 3104; x_wconf 79' lang='lat'>3·</span> <span class='ocrx_word' id='word_1_274' title='bbox 594 3050 663 3111; x_wconf 69' lang='lat' dir='ltr'>Lege,</span> <span class='ocrx_word' id='word_1_275' title='bbox 676 3046 805 3098; x_wconf 63' lang='lat' dir='ltr'>ludentibus,</span> 
     </span>
     <span class='ocr_line' id='line_1_39' title="bbox 128 3114 333 3169; baseline -0.01 -7"><span class='ocrx_word' id='word_1_276' title='bbox 128 3128 151 3162; x_wconf 69' lang='grc' dir='ltr'>ε,</span> <span class='ocrx_word' id='word_1_277' title='bbox 168 3114 239 3169; x_wconf 71' lang='lat' dir='ltr'>inte,</span> <span class='ocrx_word' id='word_1_278' title='bbox 253 3128 333 3164; x_wconf 73' lang='lat' dir='ltr'>nrum.</span> 
     </span>
    </p>
   </div>
   <div class='ocr_carea' id='block_1_4' title="bbox 0 0 1024 3622">
    <p class='ocr_par' dir='ltr' id='par_1_7' title="bbox 0 0 1024 3622">
     <span class='ocr_line' id='line_1_40' title="bbox 0 0 1024 3622; baseline 0 0"><span class='ocrx_word' id='word_1_279' title='bbox 0 0 1024 3622; x_wconf 95' lang='lat' dir='ltr'> </span> 
     </span>
    </p>
   </div>
  </div>
 </body>
</html>
