2018 3622
82 131 158 219 128
309 119 738 222 J.Cels100mmentarit

77 294 152 348 κῃ
168 268 365 348 permittendum
384 262 492 342 fortune
510 262 555 340 suo
574 272 632 345 jure
655 275 706 343 uri,
728 270 803 346 quod
818 272 860 328 illi
878 286 928 329 m

78 354 173 425 ubique
194 364 313 421 magnum
332 360 386 402 rura
405 350 435 400 r'n
457 346 514 418 help
534 349 674 404 martiarum
693 361 777 424 arque
801 344 928 423 inexsrrpt·

78 427 160 485 stabile
172 423 218 499 fit.
255 418 334 497 Qud
344 422 383 479 ad
399 416 427 497 sa
445 426 566 479 attineret
584 419 680 497 sarman
724 424 783 482 adio
803 423 928 499 miserere

79 520 110 562 ert
136 500 315 560 inomandum
342 517 405 555 nrnre
431 503 531 556 idaiam
564 500 650 557 multas
742 507 848 576 magnis
866 522 927 558 cem·

80 580 160 637 mdis
180 572 304 651 resarciet
327 572 363 638 &¹
387 570 524 651 compenset.
543 590 622 653 arque
646 583 673 633 in
691 583 787 655 primis
810 583 925 636 ciuitates

80 656 167 733 quad
185 650 292 727 consensa
299 654 394 728 publica
405 650 551 727 disceffiffmr
570 659 598 710 r'n
613 668 759 713 cnererum
771 652 924 730 sententiam

84 734 274 803 traduilurrrm,
292 745 322 787 ut
339 752 416 787 unum
432 728 468 805 fit
487 736 565 787 omnir
585 734 674 787 Gasiae
695 733 836 808 confilium,
855 744 925 789 mam

82 826 172 887 camur,
191 826 243 863 ana
267 827 343 867 mens.
362 812 406 864 cui
424 818 552 863 terraram
576 808 643 864 orbis
659 813 744 884 impar
763 809 840 866 harad
856 808 925 865 dabie

77 888 117 963 fit
133 885 244 965 suturas,
276 882 308 940 id
327 880 356 957 se
372 902 418 941 nm
435 880 570 959 fossarum
594 888 769 945 tantummodo
798 882 852 959 sed
869 902 925 960 petre

77 968 138 1040 jam
155 964 266 1041 effiilrnn
296 974 419 1037 reparare.
458 955 537 1034 Qed
564 964 688 1036 neeefflrar
705 960 814 1039 praseae
842 963 925 1037 poscor

81 1042 164 1114 eastra
181 1038 264 1113 saluti
282 1043 391 1095 mnium
418 1044 426 1069 ¹
451 1053 494 1113 prr
520 1031 630 1112 fulera,
650 1040 738 1099 labore
762 1043 873 1096 emnium
894 1058 925 1095 ar

75 1116 161 1189 studia
182 1115 318 1171 munienda
346 1115 409 1190 ψ,
429 1117 518 1191 quibas
539 1108 624 1187 subiti
635 1116 737 1193 hqir'rrrn
760 1110 922 1188 incursurae·

82 1204 191 1248 ceantur.
229 1190 317 1249 Grata
328 1192 462 1251 omnibus
484 1191 546 1251 baec
567 1192 626 1253 fuit
644 1194 751 1265 oratio,
768 1190 848 1269 quod
858 1210 921 1249 non

82 1270 180 1329 animo
200 1264 367 1341 defecillet;
384 1267 441 1339 sed,
460 1269 512 1329 ubi
534 1266 622 1329 duces
642 1269 692 1328 alii
709 1268 820 1345 magnis
838 1266 923 1327 cladi·

82 1347 135 1406 bus
153 1345 276 1421 acceptis
296 1343 354 1405 sese
367 1344 468 1405 abdere
488 1346 605 1418 soleant,
623 1346 777 1426 vultusque
798 1346 924 1405 rnilitum

82 1424 223 1502 refugere,
242 1422 290 1482 bic
314 1423 346 1482 in
369 1423 516 1500 publicum
542 1422 670 1499 prodiit,
697 1424 726 1483 dt
752 1441 866 1484 novum
888 1420 925 1480 sa·

81 1503 150 1560 lutis
173 1504 227 1560 iter
242 1499 377 1572 ostendit,
407 1519 499 1577 eoque
522 1502 586 1575 plus
608 1498 676 1560 fidei
698 1501 741 1560 illi
767 1516 849 1570 erat,
869 1517 923 1574 quo

82 1578 241 1637 Avaricum
259 1577 482 1636 incendendum
506 1576 751 1653 deserendumque
774 1576 926 1636 consulue-

80 1668 147 1721 rat,
180 1655 291 1711 clarium
312 1654 500 1727 providentiae
526 1656 588 1728 ejus
615 1653 761 1715 indicium.
792 1652 831 1711 lic
856 1670 924 1711 cum

81 1744 250 1786 ceterorum
282 1730 377 1788 minui
400 1729 511 1802 soleat,
543 1730 661 1791 adversis
690 1743 817 1790 creverat
837 1726 921 1785 ducis

80 1801 167 1877 hujus
194 1804 352 1863 austoritas.
393 1806 497 1883 Neque
520 1824 569 1868 aut
591 1809 624 1869 in
645 1804 736 1867 castris
758 1802 923 1865 communi·

80 1882 181 1951 endis,
200 1900 264 1957 quoe
293 1883 388 1956 primo
411 1884 544 1946 Romano
567 1904 645 1945 more
674 1882 704 1944 in
723 1881 817 1941 Gallia
841 1898 920 1939 com-

77 1961 189 2019 munita
211 1959 286 2029 sunt,
319 1961 471 2036 quicquam
496 1960 513 2018 a
547 1962 684 2021 militibus
710 1958 752 2019 est
779 1955 922 2026 omilium,

79 2037 207 2115 quamvis
220 2037 454 2113 impatientissima
473 2056 544 2115 gens
555 2040 685 2099 laborum
697 2036 740 2109 sit,
761 2037 841 2105 antlia
853 2034 923 2093 duce

79 2113 112 2174 in
136 2115 322 2175 conciliandis
347 2116 463 2192 reliquis
482 2132 516 2176 ut
539 2116 707 2191 promiserat
731 2113 851 2175 urbibus
868 2112 922 2171 ulla

79 2192 111 2251 in
138 2208 214 2266 parte
252 2190 412 2251 celsanum·
432 2191 581 2269 Cogitabat
609 2192 797 2269 aeffirabatque
820 2190 921 2267 animo,

81 2267 183 2326 diebus
208 2288 240 2324 ac
265 2270 396 2327 noctibus
412 2270 559 2339 laborabat,
578 2268 750 2329 sollicitabat
774 2264 922 2337 universas,

79 2342 117 2400 ad
132 2362 175 2399 res
203 2362 290 2400 novas
312 2364 428 2405 omnem
443 2345 567 2406 Galliam
580 2346 725 2405 excitabat.
766 2345 860 2423 Inque
873 2341 923 2401 hoc

80 2436 151 2492 opus
164 2426 244 2493 'quos
270 2419 398 2479 mitteret
424 2422 501 2481 viros
523 2425 654 2501 elegerat,
674 2423 727 2500 qui
752 2423 801 2480 vel
820 2418 923 2481 notiin

81 2495 194 2571 populis
216 2494 389 2573 acceptique,
408 2500 456 2555 vel
482 2500 582 2559 blanda
601 2498 730 2559 oratione
749 2515 833 2575 atque
845 2498 924 2571 inge·

81 2574 140 2645 nio,
160 2574 206 2631 vel
230 2572 390 2648 principum
410 2574 606 2639 familiaritate.
623 2577 773 2651 pollentes,
792 2592 824 2632 ac
835 2571 923 2647 gratia

81 2650 177 2708 idonei
197 2650 248 2708 visi
267 2666 368 2720 erant;
388 2669 436 2708 eos
460 2672 529 2713 vero
551 2654 602 2729 qui
627 2652 673 2712 ad.
685 2671 750 2713 eum
777 2647 924 2708 seminudi

82 2728 110 2785 δι
128 2728 249 2785 inermes
270 2742 352 2799 capto
365 2728 453 2800 opido
471 2731 680 2807 confugerant,
699 2725 821 2787 vestibus
837 2742 924 2803 atque

82 2804 165 2859 armis
190 2801 329 2871 instruxit,
348 2806 437 2878 inque
458 2806 574 2881 gradum
587 2807 701 2866 militia
719 2802 869 2879 pristinum
882 2820 928 2860 re·

83 2878 181 2937 stituit.
220 2879 269 2935 Ad
293 2878 351 2937 brec
375 2881 491 2943 <liveriis
515 2906 555 2944 ex*
572 2884 690 2942 urbibus
713 2881 871 2959 sagittarios
897 2879 925 2937 dc

83 2974 177 3012 omina
198 2954 309 3031 generis
329 2959 468 3021 contraxit
490 2961 617 3035 auxilia,
647 2960 751 3040 quibus
780 2974 923 3033 acceptum

811 3032 925 3095 Avarici

19 3257 24 3264 Ι
120 3214 141 3247 t.
160 3200 233 3255 Forte,
254 3199 374 3264 prqfurrrrr.
