2018 3622
115 173 164 246 52
198 229 200 234 ,
322 141 353 235 J.
371 135 471 222 Celsi
490 144 738 219 commentarii

107 281 166 340 sula
179 278 330 338 dirimebat
349 279 428 354 aquis
445 283 454 310 ¹
471 293 643 365 exornatunp
655 275 807 338 transitum
824 300 885 342 non
899 303 942 343 ne·

106 375 203 434 geren
224 374 307 431 atque
319 355 385 414 ideo
398 355 575 414 barbarorum
590 353 691 429 ingens
704 356 788 429 copia
801 355 861 418 suis
873 361 942 420 auxi·

105 437 148 496 lio
159 431 311 493 advenisset
324 459 332 504 ;
355 433 451 491 ¹rel'as
473 448 593 508 quatuor
610 428 684 503 justo
699 447 804 504 pavore
821 439 943 507 perterri-

106 528 160 573 tus,
179 510 342 582 &abjecliq
360 509 407 567 vel
422 507 511 567 oranti
526 506 640 566 forsitan
650 505 728 566 socio
739 509 862 571 dimissis
876 516 940 588 pilis,

104 585 182 647 solus
196 594 205 625 ³
218 588 305 644 Sccna
320 601 417 645 contra
429 582 552 643 hostium
571 585 660 642 aciem
685 582 762 644 lletit
778 586 939 661 immobilis,

105 663 134 722 δι
146 664 193 723 sua
204 664 231 722 δι
244 663 382 722 comitum
393 682 468 720 unus
479 661 605 737 quinque
619 659 747 720 militum
763 664 821 736 pila
840 666 872 725 in
895 666 939 726 ho·

103 742 189 801 stium
202 740 337 806 membra,
368 740 448 797 nullo
463 733 596 798 incassum
611 752 696 796 eunte
715 738 866 813 jaculatus,
885 758 938 807 tan·

103 818 171 876 dem
182 817 311 876 omnibus
322 814 504 890 ⁴alsumptus‚
524 812 618 873 stricto
631 813 732 873 obvios
744 835 892 891 mucrone,
911 841 938 878 u·

103 913 317 970 uumquemque
341 912 373 950 ut
400 890 427 950 se
451 893 556 968 primus
583 891 743 962 obtulerat;
765 912 846 952 nunc
861 896 936 955 scuto

102 990 181 1031 nunc
191 971 286 1045 gladio
299 970 439 1045 excipiens
451 987 482 1026 ac
494 965 666 1041 prosternens
674 992 682 1038 ;
698 967 749 1027 diu
757 971 872 1047 utrique
882 994 936 1046 par-

101 1049 176 1104 tium
192 1046 354 1104 admirabile
369 1045 487 1119 praebuit
499 1043 684 1118 speciaculum
697 1064 703 1099 :
728 1043 758 1103 ἃ
769 1061 812 1103 tot
823 1049 934 1109 milium

99 1123 130 1179 in
143 1124 236 1181 littore
248 1122 447 1180 dimicantium
457 1119 492 1178 ad
504 1121 531 1180 se
544 1139 639 1180 unum
648 1118 818 1180 intuendum
833 1127 931 1184 oculos

45 1252 48 1257 .
99 1216 183 1275 atque
206 1218 254 1257 ora
275 1198 424 1257 convertit.
465 1196 540 1257 Cum
555 1198 611 1269 iam
629 1196 763 1273 denique,
780 1216 841 1256 non
853 1216 886 1258 ut
900 1202 928 1261 in

98 1293 235 1335 armatum
248 1276 352 1346 virum,
370 1274 417 1333 sed
429 1292 462 1334 ut
474 1275 575 1332 turrim
587 1275 728 1333 munitam
741 1274 833 1334 omnis
845 1277 931 1350 nisus,

99 1354 150 1425 ira,
170 1352 317 1429 pudorque
339 1349 464 1411 hostium
485 1351 517 1410 in
528 1349 658 1409 furorem
679 1349 773 1409 versus
786 1349 930 1413 incumbe·

98 1448 163 1502 ret;
182 1432 295 1506 iamque
318 1427 411 1489 femur
431 1426 541 1505 ingenti
554 1424 700 1487 transfixus
711 1427 772 1486 telo
791 1425 820 1486 δι
836 1433 846 1467 ’
861 1431 929 1490 mul·

99 1523 160 1568 tum
172 1507 237 1569 saxo
250 1502 395 1566 concussus
407 1508 485 1583 gravi
500 1529 509 1576 ;
527 1503 677 1580 clipeoque
689 1502 718 1562 δι
730 1504 810 1579 galea
824 1505 928 1569 lunum

97 1583 126 1639 vi
150 1584 280 1654 majestis,
299 1582 396 1657 gladio
416 1582 451 1643 ad
476 1583 633 1641 extremum
645 1578 743 1653 sustu,
763 1580 885 1659 pilisque
899 1600 929 1646 ut

96 1656 137 1716 est
149 1659 257 1717 dietum
269 1658 403 1717 omnibus
418 1678 479 1718 non
501 1655 627 1732 perditis,
646 1653 696 1716 sed
708 1655 843 1735 impensas
855 1678 928 1739 egre·

95 1734 152 1809 gie,
164 1753 236 1808 pene
249 1734 305 1806 jam
316 1750 481 1804 exarmatus,
493 1749 591 1793 tamen
604 1730 692 1792 lorica
704 1734 800 1809 gravis
811 1734 923 1815 duplici,

93 1809 123 1868 se
143 1809 175 1870 in
187 1807 286 1881 undas,
303 1808 351 1868 sua
364 1830 449 1887 opera
460 1806 583 1873 hostium
595 1806 735 1946 sanfuine
761 1813 923 1877 rubicundas

93 1885 202 1961 injecit,
223 1907 256 1948 ac
267 1885 392 1949 reversus
404 1886 439 1948 ad
446 1887 520 1960 suos,
532 1884 610 1947 unde
622 1885 744 1963 goriam
756 1890 922 1964 merebatur,

94 1964 205 2025 vernam
217 1962 370 2042 postulavit
379 1984 494 2042 :nempe
505 1981 572 2024 cum
581 1962 716 2024 Caesarem
726 1965 925 2043 conspexisset:

94 2047 170 2101 Parce
189 2039 308 2122 (inquit)
320 2044 409 2120 optime
420 2050 563 2119 Imperator,
582 2061 657 2098 mma
671 2040 796 2116 perdidi:
815 2042 924 2105 68ιί11ε

90 2116 218 2180 summus
230 2122 378 2180 extimator
394 2121 570 2189 meritorum,
589 2120 672 2192 cujus
682 2117 734 2177 sub
746 2121 840 2181 oculis
850 2120 925 2198 gesta

91 2216 132 2282 rges
144 2213 211 2268 erat,
231 2197 258 2255 &
271 2197 341 2256 falla
355 2198 408 2257 viri
419 2199 502 2257 fortia
523 2194 645 2254 &verba
669 2195 815 2270 magnifica
827 2216 925 2258 centu·

90 2290 215 2330 nonatus
227 2270 335 2331 honore
348 2277 359 2315 ⁷
372 2274 505 2334 reincidit
519 2292 567 2348 per
577 2269 628 2332 hos
641 2271 753 2331 dicares
768 2289 851 2343 parva
859 2277 924 2349 qui·

89 2347 154 2404 dem
166 2347 253 2413 dicia,
272 2347 319 2404 sed
335 2368 439 2408 eventu
453 2368 554 2426 magna
568 2369 600 2409 ac
613 2343 771 2424 periculosa.

127 2421 223 2481 Naves
242 2425 271 2481 in
296 2424 396 2482 Galliis
409 2428 524 2486 dimillae
548 2426 649 2502 quibus
663 2425 751 2484 inerat
768 2423 922 2500 equitatus,

88 2500 181 2571 paucis
205 2497 265 2575 post
278 2496 413 2560 Caesarem
425 2503 522 2562 diebus
545 2502 671 2562 secundo
690 2495 704 2532 ⁸
717 2498 814 2560 funem
828 2519 920 2564 vento

85 2575 223 2636 fuderant.
251 2597 374 2654 cumque
388 2580 554 2641 Britannicis
571 2580 626 2652 jam
641 2578 781 2638 littoribus
805 2581 920 2657 propin·

86 2653 203 2727 quirates
217 2655 246 2711 in
267 2657 419 2731 conspeiiu
441 2657 554 2716 suorum
568 2654 676 2727 essent3
695 2655 780 2715 tantis
804 2675 920 2731 tepente

85 2729 294 2806 tempestatibus
319 2733 500 2809 conquassatae
524 2733 600 2806 sunt,
620 2750 652 2792 ut
675 2751 776 2792 ornnes
787 2733 919 2812 undique

806 2810 918 2890 sparge·

114 2979 133 3009 2.
150 2966 217 3021 Lege,
232 2965 321 3024 reliquis.
542 2977 563 3021 7.
580 2966 646 3021 Lege.
662 2970 811 3008 remuneravit.
836 2964 918 3010 Incidit.

112 3042 133 3079 3·
153 3029 220 3084 Lege,
235 3029 311 3073 ama.
540 3031 557 3071 8.
574 3025 668 3072 Furfitan
677 3023 737 3072 idem
744 3023 775 3071 est
784 3024 845 3082 quod
855 3026 920 3085 virg.

113 3105 136 3147 4.
151 3088 478 3154 Futtecanfirmptis.vclalfirm·
505 3084 543 3146 ait,
564 3089 669 3146 noemg
692 3090 801 3135 convellere
812 3089 915 3147 sunemri

75 3157 122 3219 plis·
503 3161 566 3196 rma.
577 3148 631 3196 irsra
638 3152 667 3196 ait
677 3151 837 3208 :funemjrlvra
854 3151 914 3200 unde

111 3232 131 3274 5·
146 3220 206 3272 tuto,
220 3220 304 3268 vultum
314 3216 364 3277 saxo
379 3213 473 3272 tantula«.
501 3208 706 3273 dubinanhiclgi
715 3209 913 3275 debeatsolveranr.

118 2909 138 2947 l.
151 2901 222 2960 Fm‘tc³
236 2913 376 2950 exoneratum.
491 2905 503 3073 Ι
546 2905 567 2945 6.
583 2901 655 2952 Forte,
670 2910 702 2946 al.
