2018 3622
202 127 344 209 lenita
369 127 493 234 Jusu
533 125 776 217 CAESthS·
844 156 922 225 229

74 254 155 325 ferro
169 262 230 343 peti
242 263 327 338 vidit,
344 258 447 325 omisso
460 261 595 321 cadavere
615 257 710 319 versus
733 262 764 319 in
786 267 919 344 militem,

79 342 251 417 proboscide
276 344 511 415 circumventum
531 340 564 397 in
587 338 677 395 altum
702 338 813 399 extulit.
839 342 921 408 sensit

79 416 166 479 miles
187 418 239 477 ubi
259 414 335 489 esset,
364 415 463 478 &sibi
487 431 539 475 aut
563 414 689 472 viriliter
703 414 846 488 agendum
870 442 922 485 aut

80 492 209 554 viriliter
233 492 418 555 moriendum
450 489 504 551 else
528 489 692 567 cognovit,
726 490 823 567 gladio
851 516 925 577 ergo.

80 588 170 646 quem
182 572 215 631 in
235 569 368 631 manibus
391 568 510 628 habebat
522 564 723 644 proboscidem
737 570 838 629 belluae
858 576 923 635 vin.

80 648 241 721 cuiumque
263 644 347 708 suum
365 645 475 707 crebris
496 644 625 723 repetitis
659 642 761 703 idibus
789 646 922 723 perforat.

82 742 144 799 quo
159 722 255 784 vissus
265 722 377 801 elephas
396 722 539 791 cruciatu,
557 719 635 797 spuit
658 718 693 777 ad
719 737 825 781 terram
843 727 923 786 mili·

83 817 144 861 tem
167 799 405 871 incolumem,‚&
423 798 507 858 solito
519 818 588 857 cum
611 794 734 857 stridore
758 800 792 860 ad
808 820 923 879 compa.

83 895 128 935 res
147 878 243 937 beluas
256 875 340 936 cursu
354 876 458 952 rapido
471 874 500 933 se
513 876 666 934 convertit.

123 952 258 1013 Tantum
276 955 352 1015 velet
373 955 406 1014 in
436 953 567 1029 periculo
592 946 728 1026 praesente
751 951 922 1021 interritum

82 1030 215 1089 animum
237 1027 349 1097 habere,
387 1028 478 1089 caei'ar
492 1029 568 1089 trina
586 1024 672 1089 castra
695 1024 823 1091 hostium
836 1030 922 1113 adep-

84 1122 142 1175 tus,
162 1105 313 1180 Scipionis,
325 1104 411 1180 Jubae
436 1106 466 1167 δι
492 1104 623 1177 Labieni,
641 1100 921 1185 caesuxzhostium,

83 1180 155 1241 fusis
164 1181 231 1241 aliis
243 1201 276 1241 ac
300 1181 417 1259 firgrtis.
436 1180 470 1241 L.
482 1180 540 1241 suis
552 1199 673 1263 santum
687 1168 852 1258 deperditis,
871 1190 924 1249 ali.

83 1274 156 1335 quot
179 1275 276 1317 sutem
303 1258 470 1330 vulneratis,
495 1259 528 1317 in
552 1256 639 1318 castra
659 1259 830 1335 regreditur.
864 1282 923 1323 riu

83 1338 127 1395 eie
149 1332 282 1393 hanribus
293 1335 393 1410 captis,
414 1335 530 1394 armatis
539 1354 621 1393 mose
633 1334 729 1406 solito,
750 1334 923 1399 &turribus

83 1410 116 1475 in
176 1407 250 1469 uis:
289 1429 342 1472 uos
360 1408 462 1471 eodem
487 1429 547 1487 quo
559 1411 636 1486 capti
654 1428 735 1470 erant
752 1431 856 1472 ornatu
870 1435 921 1473 an.

84 1504 113 1547 te
125 1485 247 1565 opidum
290 1486 375 1565 apson
387 1486 493 1546 abduci
514 1482 599 1561 jussit.
620 1484 678 1546 haec
702 1484 922 1553 vidensfisorte

84 1562 238 1641 Vergilius
249 1563 308 1623 loci
323 1561 425 1635 custos,
445 1563 473 1623 δι
499 1562 550 1638 qui
562 1559 658 1623 secum
682 1580 770 1636 erant,
789 1568 921 1645 exemplo

83 1636 205 1701 suorum
227 1641 313 1711 moti,
335 1638 420 1699 insita
432 1635 624 1699 obstinatione
646 1636 816 1700 desistere&
838 1644 872 1703 ud
888 1640 923 1705 ¹se

83 1716 203 1778 transire
214 1716 400 1777 vellentcum
411 1713 485 1775 nihil
493 1716 544 1779 hac
555 1714 748 1789 ,ostentatione
760 1715 922 1801 proficeret,

85 1792 255 1871 Vergilium
276 1792 453 1853 nominatim
463 1794 575 1855 evocari
586 1792 666 1869 fecit,
685 1812 808 1873 eumque
818 1796 923 1863 blando

84 1868 260 1931 suumne&
271 1866 328 1929 suae
335 1870 611 1930 commemoratione
627 1870 786 1933 clementie
800 1872 834 1932 ad
845 1890 923 1935 tran·

84 1948 172 2009 litum
196 1942 365 2007 cohortatus
388 1944 438 2006 est.
468 1965 535 2006 cum
557 1948 608 2006 ille
631 1946 921 2024 silentioseteneret,

86 2022 168 2161 iiiiii
181 2020 797 2175 ῗέἒῐὲἀξῗιτέἓξῗίεαΐέἓτΞίἶῗξῷίξοίἓὲαο
811 2024 924 2179 ‹idiiig

163 2146 171 2161 ι
831 2144 839 2171 p
911 2140 923 2152 ·

84 2195 142 2237 nus
150 2176 200 2249 nir
210 2176 265 2249 qui
277 2176 330 2237 uni
343 2176 373 2237 δι
398 2194 467 2236 vero
489 2175 553 2251 Dep
565 2173 739 2237 sacrificium
760 2175 881 2251 faceret,
893 2182 921 2243 d,-

85 2270 152 2329 pro.
165 2271 202 2313 eo
221 2269 370 2329 pugnares,
388 2271 547 2314 convocato
569 2253 707 2327 exercitu,
732 2248 921 2331 speiiantibsis

86 2326 230 2405 opidanis,
247 2328 356 2389 milites
378 2347 434 2405 pro
454 2330 597 2389 concione
618 2327 771 2409 collaudat,
791 2328 820 2390 δι
847 2330 924 2393 viros

85 2404 225 2482 egregios.
242 2423 304 2480 pro·
322 2406 459 2480 qualitate
474 2404 644 2466 meritorum
664 2404 747 2467 donis
776 2424 857 2467 ornat
877 2409 924 2467 in-

122 2482 231 2543 ntibus.
249 2478 455 2563 confestimque
468 2479 620 2554 discedens,
638 2482 773 2543 Reblium
796 2501 923 2558 procon-

98 2558 178 2618 ulem
202 2574 271 2617 cum
293 2558 407 2635 aliquot
421 2556 586 2618 cohortibus
599 2556 634 2617 ad
655 2556 795 2635 Tapsum,
814 2556 864 2617 uhi
890 2579 925 2621 ut

86 2631 216 2695 diximus
228 2630 381 2710 Vergilius
401 2649 536 2709 praeerat:
558 2634 615 2693 Gn.
629 2649 640 2687 ³
653 2631 844 2694 Dommicum
856 2653 924 2697 cum

84 2710 199 2787 aliquot
211 2709 276 2769 aliis
294 2708 332 2769 cd
357 2708 502 2780 Tisdram,
522 2710 573 2768 ubi
587 2707 738 2771 Considius
757 2724 826 2779 erat,
850 2710 924 2770 obst·

87 2785 338 2865 dendamlinquit.
356 2787 400 2847 M.
411 2783 568 2847 Messallam
578 2805 646 2845 cum
658 2786 787 2862 equitatu
802 2783 923 2847 Uticam

86 2863 246 2938 premittit.
264 2860 323 2941 ipse
344 2880 414 2923 cum
440 2861 596 2923 exercitus
622 2860 750 2938 primum
776 2860 923 2999 sufflequi·

86 2954 144 3000 tur.
845 2940 922 3002 ilites

120 3051 140 3085 ι.
149 3038 367 3097 numennumen.
541 3052 563 3094 4.
580 3038 661 3089 Forte,
679 3035 839 3094 quamprimum.
872 3036 923 3083 licet

119 3118 140 3148 a·
155 3098 226 3161 Adde,
237 3102 326 3146 millius.
511 3098 576 3145 ''enhu
585 3098 709 3155 rennueret,
722 3096 873 3161 inlegentur,
886 3116 922 3163 ..μ’

117 3177 140 3219 3.
151 3165 353 3228 Lepeomr'u'mn.
507 3159 763 3221 imsstspudffirrium.
