2018 3622
5 40 98 83 f'tW

90 120 177 203 ’ψ
200 128 221 213 Ι·
278 156 280 161 -
308 59 354 205 J.
371 94 474 179 Celsl
491 54 757 179 ''comnesiiiii

96 233 264 294 tis-utribus
276 235 398 304 pedibus
425 240 435 268 ¹
447 231 642 308 arremigando
654 231 813 308 trajiceret.
845 228 885 292 ita
897 238 929 292 ut'

31 336 33 341 ·
77 357 81 363 .
97 309 310 382 dictamnum,
328 311 399 388 saepe
412 310 508 370 nuntii
518 310 552 368 ad
563 311 626 383 ejus
639 310 800 368 adventum
811 310 925 368 urbibus

99 385 294 446 nuntiandum
304 385 441 463 praemissr,
473 406 540 444 cum
563 406 599 444 eo
612 383 720 445 cursim
733 384 929 461 pervenissent,

99 481 168 523 eum
182 463 240 536 jam
253 461 413 539 praeveniffe
430 463 544 521 attoniti
558 463 713 538 reperient.
734 464 764 520 δι
776 460 848 520 huic
861 467 927 522 cele·

98 538 180 598 ritati
204 538 366 599 animositas
379 538 498 613 quidem
513 539 605 597 inerat
623 555 709 614 atque
732 537 864 596 audacia.
893 542 928 598 ita

98 613 211 692 utsaepe
230 613 477 675 turbulentissimis
493 621 506 648 ²
518 614 685 692 optantibus
707 612 928 692 tempestatibus,

101 693 215 768 quando
241 711 327 751 nemo
338 694 424 751 etiam
438 691 567 766 privatus
587 693 644 750 iter
669 690 788 768 ingredi
808 691 928 760 auderet,

100 765 159 841 ipse
168 785 235 827 cum
246 785 310 828 toto
327 784 489 844 properaret
499 769 634 826 exercitu.
665 766 695 824 δι
708 787 778 827 cum
792 766 929 843 pervenis·

99 844 139 902 ser
154 842 302 922 evestigio
313 845 453 922 stupentes
467 841 555 902 hostes
578 841 789 920 aggrediretur,
809 845 930 904 nullum·

100 938 156 996 que
168 920 406 997 respiramentum
428 921 500 991 illis,
524 937 573 978 aut
584 918 748 979 resumendi
763 921 878 978 animos
889 920 928 980 da·

99 993 283 1067 rersparium.
326 996 473 1071 Quotiens
493 996 659 1130 periculum
684 1014 788 1072 anceps
814 993 890 1067 esset,
906 1015 930 1052 e-

100 1089 173 1144 quos
199 1072 354 1145 ³abjicere
379 1071 481 1131 solitus
536 1070 692 1148 praesertim
703 1071 799 1142 suum,
831 1082 929 1131 ut4ae·

99 1148 278 1278 puatiocum
298 1149 446 1224 peditibus
474 1147 638 1220 discrimen,
668 1146 832 1225 &seposita
860 1148 930 1225 fuge

111 1239 156 1296 pe,
176 1224 252 1299 quasi
266 1223 362 1283 virum
374 1244 467 1284 unum
479 1241 576 1284 totum
591 1222 718 1283 firmaret
731 1225 902 1283 exercitum.

138 1299 243 1358 Praeter
266 1316 363 1359 autem
388 1316 461 1360 artes
485 1300 689 1374 imperatorias,
721 1300 831 1360 militis
846 1297 929 1360 officia

100 1389 160 1432 tam
174 1377 301 1437 valenter
314 1378 460 1446 exercuit;
490 1392 524 1435 ut
536 1377 607 1436 sicut
618 1394 705 1434 nemo
719 1375 766 1435 illi
781 1395 834 1452 par
848 1379 935 1464 impe·-

100 1468 186 1521 rator,
205 1453 340 1513 sicnemo
353 1454 404 1514 illo
416 1454 498 1512 miles
509 1453 614 1511 melior
635 1449 720 1510 foret.
763 1451 866 1528 Itaque
891 1470 929 1510 m·

99 1526 237 1588 clinatam
250 1530 340 1589 aciem
354 1527 424 1606 saepe
436 1530 512 1590 solus
522 1530 619 1598 erexit,
629 1543 664 1588 ut
674 1523 834 1605 praesertim
848 1527 930 1587 Mun·

99 1601 177 1660 densi
188 1602 236 1662 die
248 1605 358 1665 fastum
370 1634 380 1668 5
397 1603 437 1664 est
450 1605 638 1677 narravimus,
671 1601 814 1664 cohibens
825 1605 929 1682 fugam,

100 1675 130 1734 δι
153 1695 289 1754 paventes
307 1683 427 1758 arreptis
448 1681 578 1740 faucibus
592 1680 625 1739 in
650 1677 783 1740 adversos
802 1680 930 1740 manuae

98 1769 171 1811 voce
181 1773 357 1835 retorquens,
388 1772 470 1817 tanto
483 1757 604 1833 impetu,
635 1770 670 1814 ut
689 1751 848 1830 ⁶aquilifer
867 1773 931 1816 cun·

97 1825 221 1890 nantem
248 1833 388 1894 intentata
404 1833 523 1912 cuspide
548 1829 754 1903 tremefecerit,
790 1833 937 1908 aliumque

98 1907 242 1979 terruerit,
260 1907 349 1985 usque
369 1909 440 1969 adeo
466 1911 543 1969 utin
554 1924 642 1968 manu
654 1911 714 1986 ejus
722 1909 840 1984 signum
855 1910 933 1968 relin-

98 1999 199 2057 queret
211 1984 368 2062 abiretque,
389 1986 418 2045 δι
431 1985 490 2064 ipse
501 2005 536 2044 ex
548 1987 720 2061 imperatore
733 1983 883 2044 vexillifer
893 2000 936 2043 rt·

98 2077 234 2119 maneret.
285 2060 331 2120 De
355 2062 408 2122 hac
435 2061 703 2131 bellicavirtuteac
716 2059 933 2139 felicitate,prae·

99 2134 241 2220 cipuaque
253 2138 403 2209 felicitate,
422 2138 472 2198 etsi
487 2137 600 2196 abunde
612 2136 647 2196 srt
656 2135 781 2207 dissum,
792 2156 890 2214 neque
906 2154 936 2193 a·

99 2208 162 2269 liud
172 2211 230 2272 hoc
242 2231 303 2273 tota
313 2214 371 2273 baec
386 2214 463 2274 dicat
470 2213 604 2274 historia:
618 2232 679 2271 non
691 2209 840 2272 esttamen
854 2212 937 2272 omit·

98 2287 218 2348 tendum
246 2291 397 2353 Ciceronis
415 2290 631 2357 testimonium
673 2307 767 2364 quum
792 2290 866 2349 licet
879 2287 937 2347 vul-

98 2362 270 2436 gatiffimum
285 2365 477 2443 omnibusque
491 2365 679 2433 notissimum,
723 2361 872 2424 esttamen
886 2365 938 2424 cia·

98 2438 239 2502 risiimum
263 2440 597 2522 simulqueveriffimum.
650 2443 714 2496 Siler
726 2438 798 2514 sepe,
831 2441 935 2519 inquit,

99 2532 159 2574 ante
178 2521 253 2577 oculos
261 2539 357 2596 ponere,
378 2521 451 2597 idque
467 2520 575 2575 libenter
589 2519 680 2576 crebris
693 2506 815 2591 usurpare
816 2514 941 2590 fermoni-

98 2595 142 2649 but
157 2617 164 2664 ;
179 2618 258 2654 omnes
268 2601 398 2667 nostrorum
410 2603 601 2671 imperatorum,
620 2615 701 2650 omnes
714 2609 867 2650 exterarum
877 2613 938 2668 gen·

99 2676 172 2743 tium,
188 2679 447 2752 potentifflmorumqut
466 2673 616 2749 populorum,
637 2691 717 2727 omnes
739 2693 826 2745 regum
838 2672 939 2744 clarrffi·

886 2768 934 2800 mo·

131 2831 151 2864 r.
168 2822 236 2882 Lege,
251 2823 374 2884 remigando,
513 2826 521 2880 Ι
568 2827 590 2868 6.
605 2822 656 2867 Non
666 2816 777 2866 intellexit
794 2816 867 2866 verba
883 2819 932 2866 Sue·

128 2893 149 2926 2.
163 2884 233 2936 Forte,
246 2884 378 2941 eeissemisus.
532 2882 598 2938 tonii,
611 2896 641 2929 ex
652 2896 697 2946 quo
715 2880 764 2928 hoc
781 2879 863 2938 hausit,
876 2879 931 2946 apud

127 2953 148 2992 ³·
167 2946 240 3000 Forte,
256 2945 340 3005 abigere.
532 2958 599 3012 quem
617 2943 656 2999 est,
681 2956 706 2990 ut
723 2945 821 3008 aquil'ffer
845 2945 932 2992 manti

128 3019 150 3060 4·
166 3009 234 3069 Lege,
248 3018 323 3070 aquato
339 3008 496 3073 cmpesitihus
533 3007 647 3081 cespidefit
664 3010 765 3077 mirmur.
796 3009 890 3054 Meretri
903 3005 932 3053 est

122 3065 227 3126 [crimina.
535 3068 636 3118 retinenti
653 3067 735 3116 Caesari
745 3067 898 3132 aquiliferum,
913 3081 939 3116 ne

131 3143 155 3186 5·
169 3136 237 3199 Lege,
251 3131 294 3194 ff.
540 3132 637 3198 fugeret,
653 3133 851 3199 normannum
