2018 3622
97 165 171 264 198
280 161 311 256 J.
333 152 434 240 Celst
450 158 696 237 Commentarii

94 319 149 375 rer,
167 295 348 373 impetusque
374 293 546 357 lentesceret.
567 291 677 369 hacspe
689 308 824 369 pugnam
839 291 937 356 recusa·

983 285 1003 343 ll

94 382 154 449 bur,
181 394 276 450 neque
293 372 306 399 *
328 374 463 433 Romanis
485 387 575 447 partes
604 370 719 430 credere
754 372 879 433 volebat.
907 373 936 432 lic
984 387 1003 424 ui

97 475 168 517 cum
193 453 238 511 illi
263 451 414 521 cunslatio,
444 447 511 510 huic
536 448 664 509 celeritas
690 464 770 524 grata
799 466 863 522 erat,
881 468 937 524 qua
984 464 1000 502 n

99 550 194 610 quum
216 528 266 588 srbi
286 528 463 602 pertinaciter
479 527 644 602 negabatur,
671 523 771 585 slantit
792 545 861 601 quos
879 546 936 586 non
985 541 1003 580 n*

101 621 211 684 poterat
237 606 340 681 proelio
365 604 490 675 vincere,
510 603 654 663 obsrdione
673 603 810 679 cingere,
841 604 938 663 mintrn
987 619 1003 735 tf

992 718 1003 812 i

992 831 1003 921 s

100 685 187 745 disin.
213 683 222 713 ⁸
247 695 305 735 w
322 679 448 756 passuum
461 679 560 740 sullam
573 678 770 740 circumduxit
784 682 939 750 attalum,

101 757 291 836 impositisque
303 757 421 818 castellis
433 777 465 818 ne
477 757 602 817 turribus
621 776 689 816 curn
702 757 888 832 paucioribus
897 758 939 816 ob-

101 837 176 899 sedit
188 839 293 914 plures,
314 836 334 895 st
358 834 476 895 obsideri
494 836 548 894 rite
561 832 664 910 posfint
676 832 746 905 dici,
766 835 875 911 quibus
891 854 940 892 nu·

102 918 144 975 rii
157 928 262 990 patent,
283 911 390 973 'calles
408 928 515 987 parent,
532 930 686 987 rerumque
710 913 849 972 omnium
869 912 936 984 copia

103 993 237 1067 suppetit,
251 990 390 1066 quibusve
403 991 477 1049 intra
490 987 581 1064 ipsum
595 988 751 1050 obsidionis
764 987 938 1050 ambitum&
999 1010 1003 1033 ι

104 1086 213 1128 mutate
224 1067 310 1128 castra
324 1069 436 1137 licitum
451 1065 593 1141 &vagari
633 1065 679 1124 Ibi
695 1086 769 1126 vero
786 1068 886 1126 crebrae
896 1068 938 1125 ob·

102 1144 235 1205 sessorum
257 1145 428 1222 eruptiones,
449 1143 563 1218 &saepe
584 1145 800 1220 erumpentibus
819 1141 940 1202 funellae.
998 1163 1003 1198 r

104 1239 214 1282 utcum
224 1219 315 1282 Caesar
328 1221 513 1294 profesiurus,
543 1220 572 1278 P.
587 1220 686 1280 Sillam
708 1219 941 1295 castrisprasecis·
999 1219 1003 1276 i

105 1299 149 1360 set
172 1299 200 1358 δι
223 1299 272 1358 ille
287 1298 403 1359 audisset
417 1297 566 1358 cohortem
588 1317 676 1357 unam
702 1299 739 1358 ab
760 1296 884 1358 hostibus
898 1318 940 1355 ur·
1001 1316 1003 1341 t

106 1377 179 1454 geri,
198 1377 318 1437 duarum
334 1378 483 1452 legionum
505 1376 642 1448 auxilium
658 1376 731 1434 tulit
753 1374 941 1434 laborantibus.

107 1472 228 1531 quarum
248 1455 360 1516 accursu
373 1456 404 1514 in
422 1453 522 1526 fugam
543 1453 710 1527 Pompeiani
733 1457 743 1491 ³
764 1453 794 1512 δι
809 1453 829 1511 sr
842 1451 939 1527 insequi

107 1532 245 1607 profugos
261 1533 414 1593 viiioribus
432 1527 561 1601 licuisset,
581 1529 721 1589 creditum
736 1529 798 1588 suit
817 1538 829 1570 ⁴
850 1531 884 1589 de
896 1530 940 1588 illo
984 1572 987 1587 .

107 1607 212 1670 ,confici
225 1609 332 1668 bellum
344 1606 471 1683 potuisse.
513 1608 559 1667 sic
578 1606 673 1666 nescio
694 1627 732 1665 an
752 1606 892 1679 vecordia,
907 1625 938 1661 an

107 1683 233 1756 fortuna,
253 1688 364 1760 penitus
375 1686 508 1743 inclinata
522 1704 563 1742 res
576 1702 643 1754 erat,
663 1683 709 1743 sed
736 1689 745 1723 ⁵
768 1685 818 1743 illa
833 1684 942 1743 suorum

107 1760 248 1836 impetum
263 1763 408 1820 continuit
431 1761 592 1836 cecinitque
609 1762 745 1837 receptui.
765 1762 849 1833 cujus
863 1760 946 1819 conli-

108 1837 183 1896 iium
199 1837 214 1896 ὲ
230 1838 410 1912 scriptoribus
420 1837 585 1896 excusatum
600 1839 675 1915 lego.
714 1837 800 1897 Aliud
814 1837 856 1894 est
868 1840 943 1895 eninr

111 1916 207 1991 legati,
231 1915 308 1975 aliud
329 1915 503 1991 imperatoris
526 1915 663 1975 officium.
703 1914 889 1991 ‘Imperatori
906 1915 947 1971 rei

109 1995 201 2054 tutius
213 1995 321 2054 exitum
333 1992 436 2070 speslat
459 1993 488 2052 δι
505 1993 624 2052 consilio
641 1994 779 2054 metitur:
799 2010 828 2051 ut
843 1994 947 2066 legatus

110 2068 203 2133 solum
215 2072 389 2148 imperatoris
400 2071 449 2130 sui
462 2067 567 2145 julium
579 2069 677 2146 aspicit
696 2071 724 2129 δι
741 2070 868 2129 mandati
889 2069 947 2126 fini-

110 2146 165 2208 bus
185 2149 213 2208 se
234 2150 370 2209 continet.
410 2147 484 2206 Sillae
504 2146 658 2208 castrorum
671 2146 799 2208 custodia
813 2143 948 2207 commissa

111 2241 171 2284 erat
183 2227 198 2284 ὲ
211 2226 323 2285 Caesare.
342 2223 489 2285 custodisse
514 2242 674 2296 contentus,
694 2226 723 2284 ἃ
744 2225 809 2283 suos
828 2224 947 2299 periculo

110 2301 243 2374 liberasse,
257 2302 375 2361 ulterius
386 2303 517 2378 progredi
528 2302 638 2374 noluit;
657 2302 761 2377 inquo
776 2300 947 2359 utvincendi

109 2375 180 2449 spes,
200 2379 235 2436 src
257 2376 394 2453 perdendi
412 2380 572 2453 periculum
590 2381 680 2438 inerat
692 2404 709 2455 3¹
721 2400 759 2436 ne
779 2377 879 2436 ornillo
892 2376 947 2445 suo,

110 2451 240 2513 officium
253 2456 303 2514 libi
314 2455 393 2514 ducis
405 2473 555 2533 arrogaret.
607 2457 712 2515 Multae
726 2471 859 2531 praterea
871 2474 947 2528 erup·

110 2529 202 2592 tiones
213 2532 282 2605 alite,
303 2533 330 2592 8<
343 2531 377 2591 ad
389 2532 566 2595 Durachium
578 2533 606 2592 bt
620 2533 654 2591 ad
672 2531 766 2605 castra,
780 2531 947 2608 usqueadeo

111 2624 146 2669 ut
158 2615 218 2688 uno
230 2609 276 2669 die
292 2609 337 2671 sex
352 2611 383 2670 in
396 2613 466 2672 locis
479 2628 662 2688 pugnaretur,
681 2610 786 2687 quibus
799 2611 831 2668 in
847 2609 949 2683 proeliis

112 2687 149 2745 de
163 2686 322 2749 Caesarianis
341 2690 447 2766 viginti
466 2689 615 2759 duntaxat,
633 2688 869 2763 Pompeianorum
885 2705 949 2743 vero

112 2764 171 2823 duo
184 2765 264 2824 milia
276 2767 391 2840 periere,
409 2769 483 2826 inter
496 2785 568 2842 quos
581 2767 666 2824 multi
679 2766 861 2824 centuriones
872 2763 899 2822 ἃ
909 2764 950 2820 in·

111 2839 201 2912 signes
228 2841 291 2898 viri.
311 2843 346 2901 iis
370 2843 559 2918 congressibus
581 2842 697 2919 infignis
716 2843 808 2902 virtus
828 2840 949 2915 apparuit
999 2904 1003 2917 ‚

824 2916 946 2978 Vulcatii

142 3048 166 3100 ¹1.
180 3035 229 3081 XV.
244 3031 316 3078 misia.
333 3031 450 3098 ficrtcoesur.
575 3054 597 3095 4.
613 3041 686 3098 Forte,
701 3040 742 3087 dir.

144 3116 164 3147 2·
178 3099 245 3154 lnge.
263 3093 337 3156 classes.
578 3096 598 3155 ς’.
615 3104 683 3161 Lrge,
700 3102 741 3148 ille.

112 3168 168 3216 Va.
184 3157 351 3239 Videtutdttst,
366 3159 418 3224 anfi
430 3161 487 3222 sunt.
576 3172 595 3212 ⁶.
612 3168 683 3227 Lege,
697 3171 809 3231 breperato
821 3169 884 3215 euim.
