2018 3622
117 164 196 245 140
344 136 377 230 J.
396 124 500 215 Celsi
518 130 776 219 Conmentaait'
821 128 849 201 '.

114 271 155 333 do
168 262 284 337 edusius
295 265 331 329 in'
343 265 447 329 itinere
461 270 565 329 eontra
575 262 664 326 fidem
685 262 808 347 aggredi
830 263 962 345 spoliarit,

114 348 175 425 seq3
191 347 224 407 in
236 346 334 407 locum
346 346 522 407 eminentem
534 341 704 404 defentionis
716 344 808 421 gratia
818 364 964 423 receptan-

116 441 169 497 tes,
187 423 235 483 die
258 422 401 499 nodosque
423 420 639 483 circumsistunt.
666 421 812 482 acmultis
823 425 906 485 ultro
928 426 965 486 ci·

115 518 218 578 troque
229 499 334 573 occisis,
349 502 381 560 in
392 500 470 560 diem
482 496 623 586 posterum
629 495 692 557 vim
702 498 849 572 majorem
859 520 961 578 parant

116 576 173 640 Sed
188 574 675 653 bacagentibusatque.parent1bus
688 575 810 636 nuntius
832 576 962 653 superve-

115 656 170 728 nit,
190 652 292 729 decem
301 655 379 714 milia
390 654 436 725 ilia
445 654 565 714 suorum
575 653 607 713 in
621 650 758 727 potestate
772 652 960 729 Caesaris'esse,

117 733 168 793 vix
179 730 353 793 Litavicium
365 731 441 807 fuga
458 746 588 803 ereptum
601 728 720 791 evasisse.
761 729 859 793 Tum¹
872 732 960 796 subito

120 816 128 841 ¹
141 809 251 883 dejedo
262 825 342 869 metu
352 809 389 869 ad
400 809 549 868 tribunum
561 825 647 882 quem
661 806 829 869 obsidebant
838 812 960 872 vultibus

117 887 233 947 mutatis
244 884 291 945 sed
306 905 368 946 non
381 885 482 947 animis
493 881 645 945 festinant:
661 884 770 945 sadum
785 902 895 947 temere
907 889 958 949 sine

117 961 255 1039 consensu
276 963 380 1039 ¹populi
401 961 557 1023 excusant:
576 960 613 1021 de
631 961 776 1023 bonorum
798 962 957 1039 direptione

115 1038 256 1115 judicium
268 1038 442 1107 instituunt:
469 1037 644 1101 Litaviciirm
656 1039 886 1117 fratresque-ejus
903 1044 959 1104 exi·

114 1116 156 1177 lio
169 1116 370 1189 condemnant,
391 1117 467 1177 bona
481 1114 633 1192 publicant·
721 1158 725 1165 -

153 1192 243 1271 Super
269 1191 313 1254 his
325 1193 529 1261 adcresarem
549 1194 662 1269 legatos
671 1194 816 1267 mittunt,
849 1196 900 1271 qui
915 1195 958 1255 fa·

117 1270 197 1331 &um
224 1288 356 1347 purgent,
388 1272 504 1337 veniam
525 1285 634 1346 petant.
653 1271 682 1332 ἃ
698 1268 758 1332 haec
784 1274 881 1334 omnia
900 1294 956 1334 nora

116 1346 173 1407 side
199 1347 248 1409 sed
272 1364 353 1409 metu
375 1364 528 1425 ,agentesp
546 1345 628 1407 solita
652 1348 769 1411 interim
792 1350 825 1410 i'n
847 1350 959 1411 decreto

117 1423 187 1485 belli
212 1425 326 1487 consilia
349 1426 507 1502 agitabant,
539 1422 679 1503 urbesque
698 1424 834 1487 finitimas
859 1429 895 1487 ad
919 1426 957 1487 a'r·

116 1522 164 1562 ma
178 1523 226 1577 per
249 1503 366 1565 nuntios
387 1501 577 1565 hortabantur.
599 1504 677 1563 misle
696 1502 902 1565 beneficiorum
921 1522 958 1566 at·

117 1598 174 1655 que
207 1578 352 1641 honorum
367 1581 512 1647 memoria
537 1579 685 1640 exciderat.
716 1580 803 1641 solius
829 1581 957 1642 Cesarea

117 1654 307 1717 meminerant
326 1657 492 1723 clementiae.
511 1674 653 1731 quaecum
665 1676 764 1717 omnes
780 1657 815 1715 ad
829 1678 958 1720 amorem

114 1746 199 1807 atque
219 1732 387 1808 obsequium
407 1732 535 1797 excitasse
558 1732 693 1804 debuerit,
710 1733 818 1793 multoe
843 1734 959 1810 (indig-

114 1828 186 1887 num
209 1807 341 1885 quidem)
372 1809 408 1883 ad
431 1810 549 1885 injurias
568 1806 866 1884 excitavitapostremo
894 1810 955 1872 boc

114 1903 181 1951 eum
205 1884 240 1961 ad
264 1903 385 1957 mortem
407 1887 495 1964 usque
518 1888 658 1963 perduint,
688 1886 728 1947 de
752 1904 813 1965 quo
833 1885 884 1948 suo
909 1889 953 1949 di·

115 1979 195 2023 cetur
215 1965 288 2024 loco.
327 1963 417 2033 Nunc
442 1981 548 2040 coepta·
561 1962 761 2042 prosequimur.

153 2040 253 2119 Iraque
275 2038 364 2102 Cesar
377 2041 425 2102 etsi
437 2038 546 2103 animos
564 2041 726 2105 AEduorum
747 2059 885 2116 noverat;
918 2045 958 2103 le·

114 2118 187 2192 gatis
215 2138 309 2181 tamen
336 2139 438 2180 eorum
464 2118 498 2182 ad
531 2120 559 2179 se
587 2120 770 2181 venientibus
796 2121 957 2197 benignissi-

113 2214 195 2255 mum
214 2193 380 2270 responsum
397 2195 496 2256 dedit:
519 2214 633 2273 propter
653 2198 763 2274 aliquot
774 2196 955 2260 dementium

113 2270 291 2347 vanitatem,
323 2292 384 2331 non
404 2273 433 2331 se
457 2273 555 2335 minus
576 2275 675 2339 urben
694 2274 746 2338 sibi
773 2272 957 2336 charissimam

111 2364 226 2425 amare:
258 2366 312 2419 nep
336 2348 385 2419 sibi
409 2348 483 2424 posse
506 2353 540 2421 in
560 2352 689 2423 animum
710 2350 816 2422 venire,
835 2368 870 2411 ut
883 2370 957 2427 quos

112 2418 342 2509 ipse-tantopere
361 2423 476 2501 diligat,
498 2427 834 2506 semperque-'dilexerat
865 2430 957 2489 abiis

112 2517 220 2572 parcius
247 2498 388 2576 diligatur.
428 2503 505 2562 Haec·
521 2506 629 2580 legatis.
679 2536 682 2541 Δ
715 2534 758 2571 .·:

129 2575 200 2663 'Ad
226 2576 255 2637 se
277 2596 372 2639 autem
394 2580 537 2647 curiscor
550 2582 700 2643 urentibus
711 2581 808 2647 uersus
817 2608 831 2654 ·,
867 2585 956 2644 multa

111 2655 349 2730 circumspiciens,
368 2676 488 2733 magnos
501 2658 604 2735 undio,
618 2659 827 2737 consurgentes
846 2665 856 2690 ²
877 2682 959 2721 mon·

111 2730 267 2790 tesGafliae
313 2734 469 2795 raevidebat.
511 2741 520 2774 ³
547 2736 632 2799 Dum<
648 2738 756 2799 interea
775 2737 903 2815 quaedam
926 2739 960 2799 st·

109 2802 139 2861 bi
164 2824 263 2892 praeter
285 2753 364 2883 ibent
391 2811 570 2887 prosperioris
595 2831 716 2875 eventus
742 2815 853 2875 occasio
877 2815 905 2874 se
928 2836 960 2874 ο-

111 2877 225 2943 stendit.
247 2882 320 2971 sorte
342 2887 419 2947 enim
440 2889 470 2947 in
486 2909 552 2948 eum
576 2892 697 2961 collem,
727 2900 819 2966 'quem
844 2909 958 2967 captum

112 2958 139 3015 dt
164 2968 386 3046 communitum,
418 2964 511 3023 castris
524 2967 682 3026 minoribus
695 2966 880 3041 deputatum,
905 2970 963 3029 fos·

110 3034 193 3109 iique
218 3037 369 3108 maioribus
393 3039 485 3100 castris
510 3041 682 3115 adjuratum
706 3047 963 3185 anemorsauigrusdi

828 3142 864 3197 pe
893 3146 926 3183 an

147 3211 166 3249 r.
182 3197 253 3251 uorre,
272 3192 389 3257 &didi
417 3197 434 3266 Ι,
458 3217 478 3250 a.
495 3204 564 3260 tare,
581 3218 675 3263 motam,
708 3206 715 3273 1
750 3196 771 3265 a,
787 3208 862 3273 tort,
878 3214 937 3259 Cura.
