2024 3630
65 106 165 258 ἢ170
313 147 346 244 J.-
368 139 469 229 Celsr
490 92 747 225 commentarii

82 298 167 362 muni
180 295 245 370 lege
257 288 293 351 de
307 289 442 351 omnibue
454 294 463 320 ¹
475 286 587 349 tantum
596 280 673 357 effer,
687 285 751 363 legi
764 300 868 349 tamen
881 284 934 351 Ce-

84 378 127 439 sar
151 386 285 445 exceptus
298 384 364 429 erat.
384 369 422 427 ita
442 380 510 443 ergo
532 362 639 425 sublata
662 380 726 425 erat
747 366 933 443 exceptio&

88 473 151 514 non
164 463 315 509 contentus
327 444 427 507 consul
439 442 544 518 injuria
555 436 667 503 Cel'aris
688 442 722 504 in
743 440 891 519 personam
902 442 934 503 il·

85 531 157 601 lata;
191 524 234 585 his
257 542 370 603 quoque
391 528 402 552 ²
428 517 516 580 Cesar
526 518 645 579 civitate
667 516 855 595 donaverat,
878 518 931 581 adi·

86 603 221 668 mendam
234 600 381 677 judicavit,
396 594 574 659 ambitiosam
600 594 823 662 concellionern
843 598 930 662 &im-

87 680 232 745 modicam
247 676 407 745 alleverans.

128 758 184 820 llis
193 754 320 817 turbatus
329 750 485 826 Caesar,nec
498 749 650 822 immerito,
656 752 854 831 cogitansque
865 751 932 833 qood

87 834 160 911 sepe
182 839 194 878 ³
217 832 319 893 debere
333 831 433 893 solitus
454 830 521 899 fuir,
545 828 689 905 operofius
708 832 868 910 multoque
885 830 931 892 dis·

89 913 193 973 ficilius
224 911 361 986 rincipem
375 910 469 969 virum
481 906 497 968 d
509 907 622 967 summo
632 904 790 983 dignitatis
803 908 890 987 gradu
901 906 930 969 ad

89 990 182 1049 media
211 988 286 1063 ejici,
305 1004 391 1062 quam
403 986 419 1045 ai
432 982 533 1046 mediis
542 980 577 1043 ad
590 999 739 1044 extrema:
760 1006 826 1047 non
838 986 933 1048 ceden-

89 1066 171 1136 dum,
191 1081 225 1125 ut
244 1063 397 1123 Africanus
411 1060 502 1136 maior
514 1060 632 1133 fecerat,
655 1059 706 1121 sed
720 1060 833 1125 obstare
844 1062 934 1125 statuit

89 1141 214 1213 invidiae,
233 1140 262 1200 dc
270 1138 381 1200 turbare
394 1140 470 1216 prius
482 1138 592 1212 omnia,
603 1156 690 1216 quam
702 1138 931 1232 exemploillius,

90 1219 217 1297 quamvis
227 1214 422 1288 laudatissimo,
445 1215 574 1277 invidus*
580 1216 614 1276 ab
628 1212 762 1277 hostibus
773 1218 856 1281 ranei
867 1218 883 1280 i
895 1220 933 1279 ci·

90 1297 183 1369 vibus,
202 1295 230 1363 ὃς
243 1296 273 1354 in
284 1294 371 1355 exilio
382 1295 456 1354 mori
470 1297 483 1334 ⁴
496 1294 592 1353 vellet.
629 1290 780 1354 Nondum
792 1312 890 1357 tamen
901 1294 933 1357 ad

89 1395 164 1434 arma
177 1373 310 1451 prorupit.
322 1370 370 1432 led
382 1370 473 1432 donec
485 1372 546 1445 jure
557 1366 662 1447 agendi
672 1364 737 1445 spes
747 1368 862 1448 semper
868 1372 935 1453 'fiam

89 1450 293 1529 quiescendum
306 1448 437 1521 statuens,
456 1449 591 1525 patienter
610 1446 744 1522 quidem,
764 1448 862 1511 dicam
875 1471 931 1511 me

89 1533 155 1600 lius,
174 1526 377 1589 dissimulanter
397 1528 495 1587 cunila
508 1522 650 1597 sustinuit,
669 1525 810 1604 &quum
822 1526 933 1589 nonulli

88 1607 182 1664 verbis
193 1602 401 1675 offenderetur3
421 1603 512 1663 adhuc
522 1602 675 1662 verborum
686 1604 933 1680 quoquedefeust·

89 1701 174 1741 onem
187 1700 282 1755 parans
296 1706 304 1751 a
325 1680 353 1738 dt
367 1680 512 1739 consulem
522 1681 643 1739 alterum
662 1678 932 1741 &animostllimum

88 1772 171 1834 atque
190 1753 449 1832 eloquentillimum
468 1757 484 1815 ὲ
497 1756 622 1833 collegio
635 1754 810 1817 tribunorum
821 1754 861 1815 Ca
868 1756 928 1818 'um

88 1833 266 1905 Ciceronem,
285 1834 375 1892 multa
390 1832 439 1892 libi
452 1853 484 1893 ac
498 1832 611 1909 profusa
628 1832 775 1911 largitione
804 1778 923 1893 uaellrit.

90 1909 249 1989 nequando
263 1911 309 1968 vel
323 1910 353 1970 iu
365 1909 472 1983 senatu,
485 1910 532 1971 vel
540 1908 574 1971 ad
586 1914 727 1987 populum
737 1908 773 1971 de
826 1926 859 1971 nt
870 1910 928 1971 sue

88 1990 173 2050 cause
188 1986 356 2049 defensores.

127 2067 203 2126 Cum
227 2084 296 2126 vero
315 2067 371 2139 iam
385 2065 483 2125 multis
496 2063 606 2125 Caesaris
628 2068 707 2125 5nec
731 2066 783 2127 alii
802 2064 931 2145 Pompeii

90 2144 277 2204 lormidarent
289 2145 454 2219 potentiam,
478 2140 548 2219 sepe
563 2140 652 2201 Curio
674 2141 734 2218 ipse
754 2144 930 2205 Senatuiob·

88 2223 199 2292 tulerat,
225 2238 259 2280 ut
273 2238 392 2295 uterque
411 2220 490 2295 simul
505 2219 538 2281 ab
550 2218 634 2279 arrnis
657 2219 832 2292 abscederet,
851 2240 931 2301 arque

88 2298 122 2354 ad
135 2314 243 2371 aequam
267 2297 433 2356 civilitatem
454 2298 554 2372 pariter
577 2314 743 2357 remearent.
763 2300 805 2359 ita
818 2299 931 2361 demum

87 2373 214 2432 securam
229 2372 343 2431 liberam
365 2393 400 2432 ue
413 2374 616 2450 rempublicam
639 2373 725 2446 sote,
761 2376 852 2456 idque
877 2395 934 2437 nou

87 2448 179 2510 solum
193 2448 337 2524 pollicitus
346 2391 397 2509 led
409 2450 585 2512 contentiose
599 2448 725 2513 visuaest
739 2450 866 2527 efficere,
879 2473 932 2515 cer·

88 2546 134 2588 tus
147 2525 182 2586 de
197 2524 307 2587 Caesaris
321 2529 477 2601 voluntate,
496 2531 546 2607 qui
566 2527 596 2587 id
619 2527 712 2604 ipsum
739 2529 878 2592 asenam
888 2530 932 2591 lit·

89 2607 156 2665 reris
169 2604 260 2682 petiit,
279 2616 312 2663 ut
330 2605 437 2666 scilicet
451 2623 500 2666 aut
513 2604 562 2666 libi
586 2606 685 2681 populi
699 2606 831 2669 Romani
848 2610 928 2669 bene·

89 2684 188 2744 licium
206 2684 351 2759 integrum
370 2683 533 2755 servaretur,
557 2680 612 2742 hoc
634 2678 675 2742 est
692 2684 852 2760 imperium
867 2704 931 2747 cum

89 2760 272 2834 legionibus;
293 2778 341 2821 aut
349 2760 441 2821 ceteri
460 2760 557 2821 saltem
570 2758 657 2819 duces
667 2760 699 2821 in
723 2760 735 2791 ⁶
766 2783 800 2823 ea
812 2760 930 2825 conditi·

91 2852 147 2892 one
169 2833 265 2907 edent,
284 2838 476 2914 exercitusque
489 2837 673 2909 dimitterent.
694 2838 777 2916 quod
798 2861 835 2902 eo
848 2838 931 2929 fiden-

877 2934 931 2978 tatu

128 3045 148 3082 1.
168 3030 240 3087 Forte,
256 3043 350 3079 caurum.
554 3050 575 3090 4.
589 3036 658 3092 Lege,
674 3034 734 3080 ulle.

129 3109 149 3138 a.
165 3089 239 3144 adde,
258 3109 311 3155 quaa.
556 3114 576 3151 ς.
595 3100 667 3153 Forte,
680 3114 715 3143 nee
725 3115 773 3151 aar.

130 3170 150 3209 3.
167 3158 236 3220 Lege,
249 3155 325 3205 videre.
557 3167 579 3210 ⁶.
594 3161 666 3220 Forte,
683 3160 765 3209 cadara.
