2018 3622
32 98 36 105 ἱ
91 171 167 251 232
263 186 268 193 ·
303 141 340 249 J.
365 134 473 224 celfi
497 143 763 221 commentarii

79 279 124 337 -de
151 285 235 335 tanto
246 271 313 331 viro
323 272 405 348 loqui
417 270 514 331 ausim.
535 265 692 330 inconsulti
710 267 920 351 praecipitisque,

86 354 118 414 ἃ
131 368 166 412 ut
177 369 245 408 vere
260 347 357 408 dicam
367 348 434 407 vani
446 347 537 407 animi
561 342 653 408 fuiffe.
673 365 744 406 nam
760 364 797 408 ut
811 351 852 411 ait
863 352 919 425 qui·
960 378 962 389 ·

87 430 157 489 dam
181 424 308 502 scriptor
319 424 459 502 egregius,
478 427 552 485 Cato
564 422 681 484 videtur
700 422 817 487 causam
833 427 922 504 queti-

86 504 157 565 viss'e
166 501 325 574 moriendi,
343 521 404 560 non
415 517 473 560 tam
484 516 521 561 ut
534 498 675 562 caesarem
686 497 815 578 fttgetet,
843 521 921 580 quem

84 600 122 642 ut
134 581 300 642 Stoicorum
311 578 433 638 decretis
444 576 663 657 obtemperaret,
682 579 921 656 quosseetabatur,

84 659 228 734 suumque
240 674 347 717 nomen
358 653 460 734 grmdi
481 654 583 732 aliquo
600 652 731 715 facinore
748 654 921 717 clarificaret.

85 739 141 796 An
154 732 227 812 quid
247 733 338 793 mali¹
353 731 481 812 potuerit
497 731 627 792 accidere
645 730 793 795 srviveret
812 752 871 794 non
882 733 923 793 iu-

88 814 187 872 venio.
228 810 319 884 Gaius
331 809 411 869 enim
423 807 513 870 caesar
525 824 561 869 ut
584 823 645 870 erat
656 809 793 882 clemens,
811 808 885 870 nihil
897 831 923 870 a·

85 890 153 950 liud
173 882 286 947 efficere
307 885 430 958 volebat,
449 885 537 944 etiam
549 893 563 923 ²
577 883 677 962 &ipse
694 884 765 947 belii
777 887 875 948 civilis
884 907 922 946 ar·

85 966 168 1035 dore,
193 982 281 1039 quam
302 962 420 1024 utbene
439 961 546 1021 mereri
559 958 596 1020 de
610 961 760 1038 republica
770 962 921 1037 videretur,

85 1041 201 1101 duobos
210 1039 330 1117 optimis
340 1038 455 1099 civibus
469 1037 614 1099 Cicerone
629 1040 659 1099 ic
672 1036 786 1100 Catone
798 1040 920 1102 saron.

83 1117 146 1178 haec
155 1115 213 1176 iile.
254 1115 292 1177 Et
304 1131 379 1175 certe
392 1115 498 1177 horum
523 1113 606 1175 alteri
619 1113 855 1178 clementiffimus
867 1119 922 1180 ee-

83 1194 130 1255 sar
152 1190 224 1266 fuit,
244 1191 326 1252 alteri
352 1193 478 1264 clemens
501 1189 626 1252 effenon
649 1193 758 1268 potuit,
777 1194 847 1272 quia
857 1213 920 1255 eum

83 1290 146 1332 non
158 1268 281 1330 invenit.
321 1266 440 1328 Constat
452 1285 549 1329 autem
560 1265 642 1344 quod
658 1268 763 1331 audito
773 1267 828 1330 hoc
837 1269 898 1330 casu
908 1293 917 1328 r

83 1357 160 1418 Cato,
177 1345 283 1427 inquit,
302 1347 410 1405 inm'dit
418 1348 507 1421 gloria
526 1367 591 1405 mae.
609 1341 646 1409 ῥ’
664 1352 722 1421 Ego,
742 1347 851 1426 inquit,
869 1344 920 1419 fu

83 1426 202 1485 invideo.
240 1420 393 1484 Uticenses
417 1440 523 1492 autem,
541 1422 590 1483 etsi
604 1440 673 1483 eum
686 1419 787 1483 studio
861 1424 919 1484 ium

83 1498 218 1574 odissent,
236 1518 355 1578 propter
376 1499 572 1576 integritatem
583 1515 680 1558 tamen
699 1499 728 1560 δι
750 1499 782 1559 di
847 1501 921 1562 ilitu-

81 1579 182 1638 dinem
195 1594 364 1638 caeterorum
376 1575 496 1648 ducum,
516 1574 544 1634 &
565 1574 645 1651 quod
663 1576 768 1636 urbem
782 1597 881 1638 eorum
891 1597 922 1637 o-

81 1655 201 1732 peribus
224 1653 351 1731 publicis
366 1653 559 1724 edomaverit,
579 1650 706 1714 miserati
728 1656 841 1716 exitum
866 1653 921 1714 viri

81 1729 263 1808 sepulchrum
278 1736 288 1773 ³
301 1730 386 1788 ilium
398 1726 565 1789 stamerunt.

123 1805 233 1867 Catone
242 1805 327 1865 rebus
339 1805 475 1866 humanis
485 1821 626 1884 exempto.
646 1803 682 1866 L.
696 1804 789 1867 Caesar
808 1825 843 1868 ex
868 1805 921 1870 hoc

82 1885 161 1944 malo
173 1883 286 1943 bonum
299 1881 380 1942 aliud
402 1882 555 1956 decerpere
567 1883 708 1958 cogitans,
728 1886 874 1960 populum
886 1887 919 1946 ad

81 1961 258 2020 concionem
272 1975 364 2021 vocat.
383 1957 516 2020 hortatur
536 1975 571 2020 ut
593 1959 784 2020 contentione
796 1962 919 2037 deposita

80 2055 170 2112 porto
191 2038 323 2099 Romano
344 2035 509 2113 pandantur
535 2036 721 2110 imperatori.
748 2037 777 2099 se
792 2037 828 2099 de
841 2040 919 2100 illius

81 2115 237 2175 clementia
249 2115 410 2191 plurimum
424 2109 564 2173 confidete
575 2129 609 2170 ac
627 2112 745 2187 sperare.
787 2115 861 2175 Non
874 2115 919 2177 fu.

80 2191 106 2250 ir
116 2200 131 2236 ⁴
141 2193 245 2268 longus
254 2209 328 2267 opus
351 2189 494 2251 tratiaco:
526 2187 562 2247 ad
576 2187 607 2247 id
629 2188 723 2265 ipsum
737 2193 825 2266 proni
840 2211 919 2256 erant

80 2265 656 2420 uun
671 2268 918 2408 itast-mitt

79 2437 153 2491 mus,
172 2385 382 2481 Uticam'venit
395 2417 554 2498 &pacifice
565 2417 720 2495 susceptus,
739 2364 840 2483 omenes
850 2442 919 2501 por·

77 2513 121 2557 tas
133 2492 301 2557 custodibus
308 2511 438 2575 occupat.
476 2494 589 2557 Interea
600 2493 691 2555 Caesar
700 2494 800 2574 Tapso
811 2497 919 2576 digres-

77 2572 125 2635 sus
139 2571 259 2635 Uticam
271 2574 395 2652 petebat,
413 2570 428 2613 ⁶
441 2591 498 2650 que
510 2573 609 2633 medio
618 2572 703 2633 urbes
715 2575 822 2634 itinere
836 2577 919 2638 obvi·

78 2669 109 2718 as
129 2647 187 2712 fine
210 2653 474 2742 proeliooccupat'1
488 2648 533 2710 Ut
545 2666 644 2739 rutam
668 2647 917 2729 Hadromentum,

52 2812 54 2818 ψ
77 2725 916 2884 enuntianteinterrumperent

821 2903 916 2969 genua

102 2986 253 3045 ulaidedei.
546 3014 569 3055 ς.
598 3000 667 3053 Ltoee.
679 3000 781 3061 pergitur.

102 3065 131 3103 ,2-
140 3056 292 3117 Feminipfi.
544 3072 564 3108 6,
591 3066 658 3118 Lege.
675 3075 738 3122 atque
753 3065 820 3110 medi·
832 3065 912 3112 irim.

106 3132 125 3173 ῃ.
147 3118 216 3171 tare,
232 3121 272 3165 iiii.
295 3160 298 3165 ,
541 3139 563 3186 7.
582 3125 915 3188 Lep,vr,t'tm,„4drumm,

106 3202 130 3245 4·
145 3185 214 3242 Lege»
227 3192 285 3250 η*
