2018 3622
76 151 128 203 22
307 119 338 214 J.
361 112 461 199 Celsi
490 121 740 220 Commentarii

75 259 184 319 natulis
195 257 339 334 impolitis.
372 258 571 334 opusmirum,
591 255 639 317 vix
660 257 805 329 credibile,
829 257 882 321 nili
905 257 919 319 l

78 334 183 395 Caesare
205 337 313 399 sallum
335 333 439 398 ellet&
455 333 564 395 aiclaris
589 334 748 395 custoribus
771 336 917 412 scripturn,

78 413 301 490 mandatumque
314 413 466 481 memoriae,
488 413 539 489 qui
564 411 629 486 iplis
650 412 732 472 rebus
761 413 918 476 interfuere

78 486 92 514 ⁴
103 510 242 568 magnum
258 499 264 522 ¹
279 510 372 555 tamen
384 488 571 549 nihilominus
581 489 724 560 animosae,
737 489 785 551 sed
797 493 917 553 incautae

117 569 174 627 ntis
187 570 334 642 judicium.
361 571 373 599 ²
386 566 504 640 provide
511 566 801 641 legatisredeuntibus
808 569 845 628 ad
853 589 920 645 prae·

79 583 168 705 dium
180 645 359 722 diem,negat
368 643 473 720 aliquid
483 644 519 703 de
530 645 564 702 iis
573 663 637 719 que
648 659 777 718 peterent
787 645 817 705 se
830 646 917 706 fictu

80 739 145 781 tum
159 721 254 783 Caesar.
263 742 359 800 neque
368 719 416 781 fibi
430 721 561 781 Romano
568 741 647 781 more
660 722 775 781 licitum
787 723 858 782 dicit
872 745 916 799 pet

80 798 236 860 amicorum
250 799 320 860 fines
329 800 440 859 armatis
450 798 618 858 exercitibus
632 799 707 859 viam
725 799 798 859 dare.
817 801 867 860 llli
880 821 918 860 re-

79 872 227 951 sponsione
240 874 334 936 habita
345 877 373 937 se
383 873 496 936 delusos
508 876 557 934 ubi
569 874 772 937 intellexerunt
785 875 917 938 moelli&

80 951 145 1013 irati
157 974 206 1030 per
218 953 287 1013 vada
301 953 429 1016 fluminis
439 953 492 1013 alia
505 970 590 1030 atque
603 953 665 1025 alia,
676 954 727 1012 ubi
741 954 917 1028 profunditas

81 1027 176 1090 minor
188 1029 262 1104 ellet,
285 1037 364 1093 irunt
376 1031 495 1108 pedibus
518 1049 596 1090 nunc
615 1031 719 1104 jundis
740 1033 876 1108 navigiis,
890 1032 919 1091 &

80 1103 149 1181 saepe
172 1127 220 1182 per
233 1109 362 1170 tenebras
382 1109 491 1169 aditum
504 1122 695 1168 tentaverunt.
716 1114 725 1147 ³
745 1106 789 1167 his
802 1124 918 1169 conatus

61 1197 177 1253 ,mmen
189 1184 291 1246 frullra
301 1185 369 1256 fuit,
382 1185 519 1247 Romanis
532 1185 611 1245 omni
624 1201 752 1258 tempore
765 1205 799 1245 ac
809 1186 875 1247 loco
887 1185 920 1244 ad

79 1258 262 1324 resistentiam
278 1266 385 1339 paratis.
398 1263 450 1326 hac
462 1261 620 1327 neceffitate
633 1261 668 1322 ad
679 1262 732 1322 iter
744 1262 833 1334 aliud,
845 1262 921 1338 quod

80 1336 156 1399 inter
178 1342 292 1403 consilia
315 1344 404 1418 prima
429 1341 638 1411 damnaverant,
666 1339 759 1399 redire
786 1339 922 1414 compulsa

79 1412 168 1492 sunt,
200 1420 429 1498 quodquoniam
447 1417 582 1494 Sequanis
603 1417 766 1477 nolentibus
787 1419 924 1492 periculo·

79 1491 213 1557 fallimum
226 1498 360 1570 sciebant,
379 1499 471 1573 ptimo
483 1496 548 1557 illos
560 1494 688 1570 precibus
701 1514 739 1553 ne
761 1493 919 1570 quidquam

81 1575 201 1645 experti,
221 1572 409 1650 Domnorigis
420 1574 457 1634 ad
468 1573 605 1634 auxilium
619 1571 802 1647 confugiunt.
828 1589 864 1632 ut
877 1591 924 1647 per

79 1643 165 1724 illum
179 1651 257 1725 quod
272 1671 321 1726 per
346 1652 375 1710 se
388 1664 535 1725 nequeunt
559 1647 743 1723 all'equantur.
783 1648 812 1707 ls
825 1657 838 1690 ⁴
851 1649 924 1708 Edui

83 1722 203 1795 pollens,
221 1726 268 1791 vit¹
280 1727 488 1801 magnanimus,
511 1724 696 1800 &⁵uterque
717 1726 799 1799 genti
817 1726 924 1785 amicus

81 1808 140 1856 etat
151 1798 180 1858 δι
193 1799 335 1861 crescendi
347 1802 480 1878 cupidine
493 1801 724 1865 inflammatus&
745 1800 756 1832 ⁶
770 1801 923 1860 mediocri·

81 1872 135 1933 bus
146 1875 275 1938 insuetus
287 1879 379 1939 curis⁷
393 1881 550 1941 multorum
559 1878 691 1954 gentium
700 1878 817 1952 gratiam
826 1876 921 1936 studio

82 1953 227 2025 tluaerebat,
261 1952 272 1986 ⁸
287 1955 430 2032 Cupidine
443 1975 512 2031 ergo
523 1955 551 2015 se
571 1975 621 2030 pro
633 1954 774 2014 Helvetiis
784 1953 859 2030 apud
874 1955 922 2014 Se·

81 2045 191 2165 gnanus
203 2035 388 2110 interponens
395 2034 540 2096 transuum
548 2033 687 2106 impetrat:
706 2033 782 2090 ultro
792 2033 920 2108 citroque

105 2107 156 2167 atis
167 2110 308 2173 obsidibus
320 2133 357 2173 ne
368 2111 480 2172 transire
505 2117 515 2152 ⁹
530 2108 724 2184 prohibebant,
742 2109 859 2169 hincne
872 2129 922 2167 vo·

82 2186 161 2246 cavit
172 2189 351 2250 transeundo.
372 2191 440 2251 Haec
452 2208 518 2250 cum
531 2186 632 2246 Caesari
644 2185 838 2258 innotuissent,
851 2188 922 2246 veti·

84 2275 131 2320 tus
142 2261 267 2324 hostium
289 2267 435 2328 transitum
453 2266 545 2326 multa
563 2263 659 2339 gravia
672 2262 754 2323 sociis
765 2264 931 2336 illaturum,

84 2357 178 2414 neque
191 2339 229 2400 sat
245 2344 379 2415 paucitati
391 2342 445 2402 sum
453 2342 551 2412 fideus,
560 2359 654 2416 neque
667 2340 745 2415 quod
758 2341 924 2400 intendebat

85 2431 134 2485 per
156 2420 278 2479 nuncios
301 2417 362 2479 freti
387 2417 460 2494 polle
481 2417 600 2493 sperans,
616 2417 767 2478 conlilium
791 2418 867 2491 capit
888 2437 929 2476 ex-

84 2504 223 2566 tempore.
261 2494 400 2573 Dumque
411 2494 543 2557 Helvetii
559 2497 591 2555 in
604 2494 725 2556 consiliis
737 2512 850 2569 tempus
872 2509 926 2553 tra·

84 2565 228 2646 hunt,ipse
245 2577 267 2603 ¹⁰
278 2572 390 2634 dimillo
403 2573 439 2634 ad
447 2574 614 2636 Geberrnam
625 2572 660 2631 ad
668 2572 843 2633 munitiones
854 2589 924 2645 quat

85 2643 212 2720 fecerat,
241 2667 343 2724 quanta
370 2667 477 2725 poterat
496 2650 639 2711 celeritate
658 2649 690 2708 in
707 2647 818 2708 Italiam
842 2645 924 2706 redit.

85 2724 248 2801 raptimque
259 2726 299 2789 ibi
307 2729 473 2807 conscriptis
483 2727 593 2790 duabus
604 2727 765 2803 legionibus
777 2725 925 2796 subnixus,

208 2806 220 2871 J
770 2799 927 2863 brevissima

120 2889 141 2922 1.
156 2873 190 2920 Sic
200 2871 263 2930 infra,
277 2891 347 2926 tamen
358 2882 492 2932 mlibminaa·
550 2893 572 2938 7.
588 2883 657 2940 Lege,
673 2879 795 2927 mularum·

123 2953 145 2987 a.
162 2941 235 3002 Forte,
246 2942 335 3004 proinde.
551 2949 572 2988 8.
588 2945 660 2997 Forte,
674 2942 798 3004 cnpidraegr
809 2936 838 2998 se.
898 2950 902 2955 ·

122 3016 142 3056 3.
157 3005 229 3055 Forte,
242 3007 280 3051 lic.
549 3019 572 3057 9·
587 3007 668 3060 Forte,
688 3004 814 3067 praeeant,
835 3001 882 3050 aare
900 3018 927 3050 ne

122 3086 145 3126 4·
161 3069 235 3126 Fure,
247 3071 268 3114 in
281 3069 374 3118 AEdtaia.
520 3083 605 3114 noceant.

124 3144 143 3185 ς.
159 3134 227 3198 Lege,
243 3135 332 3195 utripu.
553 3147 587 3177 ro.
604 3133 685 3180 Forte,
710 3128 732 3175 T.
753 3125 928 3188 Labiene-mill·

121 3201 143 3243 6.
159 3197 231 3252 Forte,
247 3197 299 3246 baar
310 3195 447 3247 mediacrilut.
501 3154 754 3259 laideCaesslaelffiul.
764 3205 786 3245 ι·
799 3205 838 3245 10·
885 3218 890 3241 ;
