2018 3622
28 72 31 79 .
77 85 169 218 :234
215 66 218 75 Ι
257 155 260 159 ›
330 111 368 219 J·
385 108 489 195 Celsi
502 100 760 198 commentarii
800 139 803 145 ·

86 251 168 310 velut
180 248 275 309 taliter
297 243 382 307 suum
394 245 497 308 ducem
519 249 582 307 ulta
601 244 727 324 gestavit.
766 243 815 308 Sic
828 241 930 310 aliene

75 327 177 415 ,culpa
192 327 240 386 ille
256 327 403 385 innocens
424 343 522 401 poenas
536 321 625 384 dedit.
663 321 727 382 Post
738 319 798 382 haec
818 324 929 385 Numi·

87 400 150 461 dier
163 401 269 477 lapidis
282 402 449 461 columnam
460 400 493 458 in
504 399 606 460 eodem
631 400 696 458 loco
710 399 809 476 posuit
820 402 928 477 viginti

85 476 194 555 pedum
208 475 379 548 altitudinis,
399 480 452 549 {in
463 473 606 555 scipcione
618 475 724 548 addita,
756 484 866 535 Parenta*
878 495 930 553 pa·

79 550 156 614 aria.
181 552 217 613 ad
239 572 324 630 quam
347 551 541 614 &sacrificare
564 550 753 613 devovere&
768 553 864 626 iurare
878 575 930 631 per

88 629 227 690 Caesarem
239 630 352 690 diutius
359 628 539 690 observatum
552 627 599 688 est.
640 628 731 688 Periit
746 649 824 689 anno
837 634 930 690 aetatis

87 726 123 767 vr
141 709 171 771 &
182 705 216 765 L.
229 709 333 766 relatus
343 702 382 763 est
400 707 433 764 in
446 723 569 764 numero
592 703 732 775 Deorum,
751 725 812 765 non
838 707 930 767 modo

89 783 269 861 principium
282 779 463 853 austoritate,
481 781 529 840 sed
543 781 681 854 opinione
689 781 775 841 etiam
788 786 931 861 populari.

89 879 157 918 nam
167 858 244 920 ludis
256 877 330 933 quos
339 859 381 917 ibi
404 856 551 935 Augustus
568 856 658 916 Caesar
678 857 838 934 hetereius
851 859 931 918 inlli-

88 937 156 1005 tuit,
170 935 275 994 crinita
286 933 415 1023 quaedam
426 933 503 994 stella
512 952 564 991 vri
581 935 729 995 continuis
741 933 845 994 diebus
854 937 931 995 circa

93 1033 126 1071 xr
139 1011 239 1070 horam
250 1012 326 1071 lucis
350 1011 490 1089 apparuit,
512 1007 732 1087 persuasumque
746 1008 804 1069 est²
814 1011 932 1071 crudele

93 1082 770 1166 plebi,Cael‘ariseffeanimamincoelumadmissi.
785 1109 845 1166 quo
865 1108 931 1165 pro·

94 1161 404 1243 sestoaliisviirquam
417 1162 515 1232 armis,
532 1163 652 1236 Sabellis,
663 1163 783 1240 aliisque
792 1185 880 1241 quam
896 1164 930 1223 de

92 1256 201 1299 armato
226 1237 303 1299 holle
321 1239 449 1302 vidonis
469 1257 553 1315 atque
575 1239 734 1317 triumphis
759 1237 929 1302 ascenditur.

79 1314 193 1402 'Hujus
209 1314 293 1376 stelle
315 1316 350 1377 δι’
370 1315 517 1393 Virgilius
541 1333 625 1392 poeta
644 1316 781 1376 meminit
796 1316 828 1374 in
841 1319 931 1377 Buco-

96 1393 156 1453 lico
170 1394 311 1466 carmine,
332 1393 360 1453 δι
374 1391 576 1453 simulachrum
590 1392 597 1450 i
621 1391 684 1454 sum
697 1391 816 1452 Caesaris
829 1393 932 1468 ³Judi-

75 1468 151 1549 scio,
173 1471 256 1548 cujus
268 1473 299 1530 in
313 1469 420 1530 vertice
432 1467 510 1529 stella
522 1467 570 1528 est.
622 1469 727 1544 enique
739 1470 931 1546 opprobrium

94 1544 168 1604 illud
183 1589 191 1616 ,
224 1547 301 1622 quod
313 1547 456 1621 conjurati
470 1547 501 1605 in
512 1544 676 1604 extindlum
688 1546 820 1606 meditati
841 1564 930 1619 erant,

95 1623 191 1697 primo
202 1620 321 1696 quidem
332 1623 365 1680 in
376 1638 490 1699 tempus
502 1641 533 1681 ac
540 1619 645 1696 locum
657 1621 742 1683 cadis
754 1620 869 1683 versum
884 1619 933 1682 est.

94 1715 162 1757 nam
183 1695 337 1765 &curiam
363 1695 452 1772 ipsam
476 1714 531 1765 ceu
546 1693 705 1759 infaustum
722 1699 819 1759 locum
831 1697 930 1759 claudi

92 1766 198 1858 jussum
210 1770 249 1831 est
261 1770 405 1849 hodieque
414 1772 549 1852 preclusa
559 1770 667 1851 vixque
682 1770 851 1835 alteffihilis
880 1771 931 1834 est.

76 1851 79 1857 ’
95 1870 109 1908 4
122 1845 188 1911 Diis
200 1850 320 1910 Martias
333 1851 521 1928 parricidium
532 1850 677 1909 nominari
689 1857 718 1923 ς,
737 1849 793 1911 hoc
805 1849 928 1925 adjesto,

95 1943 133 1983 ne
147 1942 275 2000 unquam
302 1924 349 1984 die
369 1926 422 1985 illo
449 1926 558 1985 senatus
571 1924 731 1985 haberetur.
775 1923 928 1988 ⁶Distum

95 2001 181 2060 etiam
195 2003 225 2059 in
237 2000 336 2080 ipsosv
348 2001 421 2063 sedis
434 2001 570 2062 austures.
590 2019 716 2078 quorum
727 2004 827 2063 nullus
840 2004 932 2063 trien·

91 2077 144 2136 nio
157 2079 280 2156 anplius
290 2077 461 2156 supervixit,
473 2079 571 2138 nullus
587 2095 680 2138 morte
690 2080 767 2139 obiit
779 2079 927 2153 naturali,

88 2151 223 2212 ¹damnati
235 2171 333 2212 omnes
344 2154 460 2214 diversis
472 2155 623 2214 eventibus
637 2155 747 2229 periere
762 2200 770 2228 ,
790 2155 841 2214 alii
860 2177 932 2216 nau·

96 2227 208 2305 fragio,
234 2231 313 2289 bello
341 2232 411 2301 alii,
430 2229 577 2308 ⁸quidem
600 2228 690 2306 seipso
714 2231 836 2309 gladio,
875 2253 937 2311 qun

97 2304 233 2364 Cael'arem
255 2309 492 2377 vulneraverant,
515 2304 702 2378 occiderunt,
737 2323 774 2367 ut
785 2306 935 2367 evidenter

97 2377 311 2517 οξὲεηᾲῗὲεωτ,
330 2381 437 2443 cedem
448 2383 530 2442 illam
549 2402 603 2442 nec
615 2382 681 2442 Deo
694 2401 750 2444 nee
762 2381 938 2445 hominibus

96 2473 195 2531 pacui
237 2503 243 2518 .

228 2606 232 2614 ’
269 2609 398 2689 Explicit
416 2608 510 2672 Liber.
529 2609 595 2671 Deo
631 2611 744 2689 gratias,

133 2772 156 2812 ι,
170 2760 240 2824 uage,
258 2757 388 2823 lrrsnlprim.
570 2774 590 2815 ς.
608 2763 681 2819 Forte,
696 2758 926 2828 addendmplacnta

131 2836 156 2936 3:
173 2821 353 2936 ἓὲἓὲἓὲξὲ
523 2845 526 2852 ’
568 2824 782 2950 ξῑὶἓζὲξὲξ*

131 2945 247 3007 ssortei
260 2943 318 2996 raa.
367 2992 369 2997 .
569 2952 676 3016 ange,
689 2945 888 3017 pransum
