2018 3622
137 116 463 213 deVitaJunrt
499 113 769 211 Cnsrrtrs.
815 139 892 229 2⁰3

68 324 72 329 ,
99 258 181 335 Hinc
191 260 226 339 in,
245 254 417 319 Tbeffaliarn
428 256 492 317 fatis
509 255 722 332 impellentibus
732 262 899 338 commigra-

61 338 108 399 vit
120 338 235 413 bellurn.
255 356 292 397 eo
304 330 446 409 Caesarem
466 331 644 410 progreffum
656 335 752 408 paucis
771 336 831 410 poll
841 341 899 403 die-

61 414 113 485 bos
138 410 296 491 Pompeius
314 408 474 549 '‘REM‘'
492 408 642 488 statimque
663 412 697 471 in
710 414 900 479 'concionem

60 492 116 553 suit
127 512 179 568 pro
192 512 222 549 re
235 492 309 550 bene
334 507 370 565 ge
425 488 523 565 gratias
538 489 606 564 agit.
629 507 678 548 eos
693 489 745 565 qui
765 509 834 549 cum
846 492 904 551 Sci·

60 570 147 645 plone
160 584 308 638 venerant,
326 585 387 625 non
404 580 462 625 ram
474 564 510 623 ad
537 566 644 624 bellurn
667 583 756 640 quam
783 567 817 625 ad
837 568 905 629 belli

61 646 179 722 praemia
206 642 341 703 bortatur.
361 640 411 719 ipsi
424 658 517 703 autem
537 642 634 702 socero
659 642 688 703 δι
710 641 852 707 clallicum
874 646 905 707 δι

63 722 232 796 praetorium
240 718 375 791 attribuit,
394 726 404 750 ²
415 717 614 795 onmesqueut
626 737 693 778 eum
707 719 735 779 δι
748 718 867 783 bonoria
875 722 906 783 δι

62 797 181 873 imperii
194 798 361 875 participent
384 794 473 869 facit,
491 796 605 871 duobus
621 811 717 855 umen
736 799 908 865 exercitibus

66 874 242 953 conjunftit,
258 894 346 935 nemo
364 890 421 935 erar
444 872 495 951 qui
510 872 546 932 de
558 872 676 933 vilioria
693 873 846 941 dubitaret.
862 876 909 937 us·

69 956 122 1013 ”ue
135 952 219 1025 adeo,
238 969 273 1011 ut
290 954 348 1029 jam
361 970 461 1011 omnes
482 948 519 1009 de
531 949 656 1026 praemiis
671 950 767 1029 deque
790 952 907 1015 honori·

65 974 146 1091 bn:
164 1028 290 1107 denique
306 1026 384 1106 quod
396 1026 543 1097 stultitiam
557 1046 674 1098 omnem
686 1028 907 1106 supergreditur,

67 1107 102 1181 rie
115 1105 201 1183 ipsrus
212 1104 327 1166 Caesatis
348 1104 507 1167 sacerdotio
530 1104 605 1165 inter
623 1103 650 1164 se
664 1126 723 1165 non
736 1106 794 1167 stne
806 1126 906 1169 contu·

69 1185 152 1244 melia
167 1183 277 1259 patricii
292 1183 446 1259 litigarent.
468 1180 516 1241 scd
539 1180 617 1241 aliud
629 1182 683 1253 illi,
702 1182 847 1263 Caesarque
859 1206 908 1247 co·
979 1247 981 1256 ,

68 1262 184 1338 girabat,
194 1278 281 1339 atque
290 1258 368 1319 aliud
378 1258 493 1318 fortuna
503 1260 675 1335 praeparabat.
710 1260 746 1319 Et
758 1260 909 1337 Pompeius

87 1336 190 1398 uidem
204 1336 294 1397 solitis
312 1336 416 1397 artibus
429 1336 537 1397 bellum
550 1336 668 1406 trabere,
687 1337 849 1399 cunctando
867 1341 912 1399 vi·

68 1358 306 1493 bunasffieperat
323 1410 582 1487 confiliumutile,
602 1413 649 1473 sed
663 1412 777 1473 suorum
802 1415 912 1490 impetu

69 1488 265 1553 discursum&
280 1486 416 1552 inefficax.
435 1490 541 1551 milites
560 1490 594 1548 ad
615 1489 722 1549 labores
733 1490 801 1565 nati,
820 1494 912 1553 otium

70 1570 380 1651 {ertenonpoterantt
399 1567 468 1629 socii
496 1566 724 1636 ,criaedeliderio
735 1566 913 1643 impatientes

71 1663 271 1709 eranrmorae:
292 1646 455 1722 principes³
498 1666 546 1706 uas
561 1644 748 1706 ambitionem
766 1645 796 1709 in
816 1666 914 1723 proro-

71 1722 170 1807 gando
179 1722 302 1799 imperio
315 1724 478 1800 arguebant.

111 1798 176 1861 Tot
193 1798 314 1861 vocibus
334 1799 513 1876 confiliisque
526 1798 678 1875 superante,
695 1819 769 1861 unus
782 1803 915 1863 omnibus

72 1872 153 1951 ‚cellit
163 1876 282 1950 invitus,
302 1876 330 1939 δι
345 1878 466 1955 raptanti
477 1880 574 1935 omnia
588 1878 708 1937 fortunae
726 1877 842 1937 moellus
855 1880 916 1937 free·

72 1952 233 2021 malaxavit
261 1952 443 2031 decrevitque
464 1972 598 2029 pugnare.
637 1954 713 2014 4ΑιΙ
737 1955 796 2013 haec
820 1970 917 2014 tamen

75 2050 140 2091 rem
153 1997 289 2102 trab'ebat,
306 2052 372 2093 nam
384 2030 463 2109 quod
475 2031 596 2108 quisque
610 2035 621 2077 5
634 2036 733 2090 volent
747 2029 814 2090 facit
823 2030 917 2106 quoad

75 2106 173 2185 potest
184 2102 287 2183 differt.
324 2106 415 2169 Caesar
426 2108 592 2169 dilationem
616 2108 722 2177 oderat,
743 2128 796 2166 nec
812 2107 823 2138 ⁶
838 2107 919 2183 supe·

75 2180 158 2245 rabat
169 2200 265 2245 tamen
274 2183 349 2261 pulle
361 2186 531 2260 Pompeium
544 2188 606 2245 ullo
617 2188 736 2261 ingenio
747 2185 781 2257 ad
793 2203 919 2261 pugnan-

78 2260 152 2322 dum
175 2260 285 2327 induci.
317 2260 371 2325 hac
389 2261 554 2323 difficultate
574 2264 721 2337 perplexus
741 2262 919 2324 utilissrmum

78 2338 147 2399 belli
160 2357 252 2415 genus
263 2341 361 2415 elegit,
379 2356 413 2400 ut
432 2340 517 2400 motis
539 2338 633 2399 castris
644 2338 675 2397 in
692 2356 826 2414 perpetuo
838 2356 920 2401 motu

79 2414 156 2489 effer,
173 2436 268 2493 neque
281 2436 407 2493 unquam
428 2418 547 2493 amplius
570 2437 655 2494 quant
666 2436 758 2477 unum
769 2416 846 2476 diem
861 2438 920 2476 uno

77 2510 199 2568 agerent
209 2494 323 2553 inloco.
341 2493 399 2553 hoc
409 2493 463 2553 srbi'
470 2493 620 2554 confilium
628 2513 688 2551 non
700 2512 756 2550 una
764 2494 835 2551 ratio
849 2493 925 2550 ⁷lur·

78 2570 173 2645 gebat.
194 2588 314 2635 noverat
335 2571 490 2632 exercitum
510 2570 592 2631 suurn
607 2569 712 2629 fortem
731 2567 922 2643 durarumque

82 2646 236 2715 laboribus,
258 2646 483 2722 Porrrpejanum8
497 2648 585 2707 verbo
603 2645 761 2705 molliorem
782 2642 922 2705 versatum

81 2724 288 2800 in⁹verbibus,
306 2724 512 2788 &discursibus
528 2724 683 2794 insuetum,
702 2720 924 2860 itaquedcircuff·

812 2820 883 2862 ucen
904 2820 922 2860 o

120 2968 142 3001 1·
157 2953 226 3008 Lege,
235 2954 330 2997 concione.
552 2959 574 2999 6.
589 2954 662 3005 Forte,
676 2949 768 3009 ῥακίων.

120 3031 141 3063 2.
157 3016 230 3068 Forte,
245 3015 344 3077 omnisque
356 3029 411 3066 eum.
552 3030 574 3074 7.
591 3019 659 3071 Lege,
670 3014 796 3076 suggerebat.
864 3024 868 3029 '

121 3092 141 3130 3·
158 3078 231 3133 Forte,
248 3077 312 3124 droit.
552 3085 572 3125 8.
588 3081 659 3134 Forte,
674 3092 727 3123 aero.

120 3157 143 3195 4.
160 3143 232 3197 Forte,
247 3140 336 3186 „Alban
551 3155 571 3193 9.
593 3143 663 3194 Forte,
673 3140 761 3187 urbibus.

122 3219 142 3257 ς.
159 3206 232 3263 Ferte,
248 3205 318 3249 nalem.
362 3216 365 3221 ’
504 3153 513 3260 i
