2018 3622
128 135 179 216 28
336 135 367 231 J.
384 129 484 218 Celsi
501 138 749 217 Commentarii

127 269 217 328 lidius
231 268 382 346 premissus
405 269 422 330 l
446 267 559 343 Celare,
581 270 686 406 virgui
708 270 797 347 longo
819 267 968 335 bellorum

127 345 180 404 usu
194 347 233 404 tei
247 348 375 407 militaris
403 345 573 408 dostillimus
593 367 623 406 ct
661 347 767 419 chanst,
792 349 891 426 utqui
915 349 968 411 diu

126 421 180 481 sub
194 423 295 484 Marco
308 423 453 495 Crallo,&
477 423 568 483 leucio
586 423 662 483 Sulla
685 421 835 495 militasset,
858 425 967 490 mirum

127 518 184 575 qua
211 500 434 562 consternatione
455 500 554 571 enimi,
586 519 683 577 quove
708 521 799 560 errore
817 501 968 565 Romanos

126 576 308 638 ascendentes
322 578 421 655 procul
441 576 584 653 aspiciens,
608 573 701 635 hostes
720 594 805 650 ratus,
823 597 903 654 equo
914 583 968 642 cal·

125 656 235 715 caribus
248 655 344 715 adesto
363 651 496 714 tenellus
507 653 542 712 ad
556 651 700 724 Caesatem,
719 653 871 716 Helvetios
883 676 970 718 mon·

126 746 188 790 tem
215 701 411 808 preoccupati}
429 729 585 791 denuntiat.
622 727 753 791 Substitit
777 729 874 792 Caesar.
908 735 969 811 ipse

125 809 214 868 etiam
231 810 369 868 Labienus
381 807 498 867 Caesarei
525 826 585 866 non
610 805 764 867 immemor
778 810 913 885 praeeepti
938 811 967 873 l'e

126 887 278 944 continuit.
317 885 364 944 Sic
377 903 450 944 vano
471 884 584 956 nuntio,
608 902 691 943 mane
717 886 769 944 illo
784 888 827 947 tei
838 884 967 962 ingentis

126 963 234 1020 oecalio
245 959 472 1038 ptaetermillaest.
492 960 528 1021 ad
541 961 664 1022 multum
678 960 746 1033 diei,
757 980 825 1023 cum
840 962 968 1041 digtessis

125 1036 253 1097 hostibus
271 1039 298 1097 se
321 1038 450 1100 delusum
473 1037 562 1098 Caesar
579 1038 761 1114 intelligeret,
786 1057 868 1099 more
880 1040 968 1106 solito

124 1113 270 1175 insecutus
281 1114 356 1176 haud
369 1118 466 1192 procul
478 1116 513 1176 ab
524 1115 563 1175 eis
575 1111 658 1175 castra
671 1131 793 1176 metatus
804 1115 918 1180 insedit.

164 1187 221 1248 Die
238 1209 332 1256 autern
343 1195 424 1254 tertia
439 1214 506 1254 cunt
527 1191 613 1252 Caefitr
638 1191 732 1268 inopie
745 1192 895 1270 frumenti,
915 1192 967 1258 cui

125 1267 296 1343 precipuum
309 1272 418 1332 causam
430 1269 639 1346 Dumnorigem
651 1265 754 1329 dedille
765 1269 967 1348 constiutit

126 1346 303 1422 insequendo
314 1348 444 1409 desistens
455 1347 588 1408 aliorsum
598 1363 739 1423 pergerete
761 1346 901 1422 Helvetii,
912 1349 965 1411 seu

124 1428 138 1480 ,¹
154 1425 298 1497 pridicintt·
319 1445 460 1488 memores
477 1432 487 1457 ²
508 1422 700 1499 tarditatisque
718 1423 843 1486 Romani
865 1446 903 1486 ne
927 1427 965 1487 de

126 1501 271 1562 altioribus
285 1504 400 1580 quidem
413 1503 483 1564 locis
494 1503 523 1563 l'e
536 1500 669 1561 invadere
678 1499 793 1561 fuillent
806 1501 964 1583 uunquid

127 1596 220 1635 errore
233 1583 309 1638 conti
332 1600 398 1651 etat,
412 1599 491 1640 metu
498 1579 617 1648 fastum,
628 1575 786 1653 eodemque
798 1598 877 1640 nunc
889 1600 965 1663 pug-

126 1671 171 1710 nae
178 1669 257 1711 metu
271 1600 413 1715 diliedere
424 1658 490 1716 illos
501 1656 552 1714 rati
565 1680 574 1726 ;
594 1653 642 1713 seu
657 1661 666 1694 ³
678 1653 857 1715 frumentum
870 1656 965 1720 ituros

126 1728 270 1799 aversuti;
291 1733 400 1821 magnis
412 1731 544 1823 grelltbtts
561 1729 756 1807 insequuntur.
792 1730 882 1806 Quod
910 1737 963 1797 ubi

127 1801 214 1863 caessr
225 1825 351 1881 agnovit,
372 1811 403 1869 in
416 1810 546 1869 vicinum
557 1809 660 1868 collem
682 1826 779 1868 omnes
790 1807 883 1883 copias
906 1809 965 1871 sen·

127 1883 259 1959 cinasque
271 1903 368 1946 omnes
381 1884 530 1947 contrahit.
549 1883 585 1946 stc
596 1901 629 1945 ut
639 1900 716 1945 totus
728 1884 807 1945 collis
818 1882 963 1948 llummo

126 1960 263 2020 adimunt
276 1961 526 2040 impedimentis&
544 1959 707 2023 hominibus
729 1978 883 2040 tegeretur,
902 1962 968 2043 ipse·

125 2038 185 2099 acie
196 2038 337 2115 insttudlr,
350 2042 430 2119 equis
447 2057 542 2102 autem
555 2038 690 2100 omnibus
702 2059 763 2100 non
771 2039 889 2102 dimillis
900 2061 964 2102 nto·

125 2114 247 2187 ‹ln-led
268 2119 284 2178 ὲ
306 2116 456 2196 eonspellu
479 2115 615 2188 abditus,
634 2132 669 2176 ut
691 2115 843 2194 fugaespes
866 2136 963 2195 erepte

126 2193 136 2216 ⁴
152 2194 267 2270 spesque
283 2216 328 2270 par
338 2197 454 2272 periculi
467 2196 557 2256 oculis
568 2192 678 2269 obieeta
693 2213 769 2268 pates
780 2195 892 2257 animos
913 2195 963 2256 de·

124 2289 195 2330 rent.
217 2270 300 2346 pedes
312 2272 370 2348 ipse
383 2293 451 2333 tum
461 2271 620 2350 legionibus
631 2271 662 2331 in
684 2268 794 2330 hostem
813 2273 883 2346 tuit,
914 2293 963 2349 pe-

124 2347 265 2424 destrique
279 2366 344 2407 cum
358 2349 484 2425 equitatu
498 2349 630 2425 proelium
649 2363 727 2408 atrox
750 2365 961 2427 cruentumque

125 2424 290 2485 ⁴inseritur.
318 2424 352 2482 ab
371 2425 438 2485 hora
461 2427 533 2485 lucis
545 2425 662 2500 septime
676 2425 711 2484 ed
732 2427 857 2490 multum
869 2428 964 2489 nullis

124 2501 209 2560 variis
221 2501 288 2562 licet
299 2503 448 2563 eventibus
460 2501 549 2562 dubio
562 2503 655 2564 Marte
669 2519 806 2563 certatum
819 2501 868 2563 est.
899 2503 964 2564 Ro·

122 2598 275 2640 manorum
290 2579 402 2640 tendent
414 2580 523 2656 impetu
535 2599 567 2639 ac
583 2580 749 2640 vulneribus
762 2580 880 2658 fatigati
888 2577 968 2642 Hel«

122 2655 204 2728 vetii,
222 2656 315 2732 primo
341 2657 515 2734 pedetentim
539 2656 723 2728 retrocedere,
747 2655 856 2717 mox&
879 2671 965 2735 terga-

122 2746 241 2806 vertere,
260 2733 295 2793 ad
307 2752 465 2797 extremum
477 2752 579 2812 magne
590 2733 679 2810 strage
696 2734 784 2794 deleti
797 2733 871 2795 sunt.
899 2731 963 2795 Im·

121 2808 282 2887 pedimenta
293 2830 394 2873 eorum
406 2811 488 2873 limul
503 2813 533 2874 δι
546 2809 630 2872 castra
645 2809 805 2886 capiuntur,
825 2829 887 2887 pets
905 2831 962 2873 no-

121 2887 401 2966 &urnafugaelapsn
419 2888 604 2968 irrequieti&
625 2887 769 2950 insomnes
791 2887 962 2978 adtentum

838 2979 961 3046 triginta

155 3100 177 3136 ι.
191 3087 265 3146 Forte,
275 3085 379 3149 pridiana.
408 3078 410 3083 ¹
544 3086 680 3150 frumentum
694 3091 798 3151 petituros.

152 3166 175 3200 2·
190 3153 256 3214 Lege,
270 3153 384 3204 tarditatis,
397 3144 458 3215 qued·
580 3167 604 3215 4·
620 3153 692 3212 Lege,
710 3151 828 3211 senserim·

154 3229 176 3270 3.
191 3216 273 3279 Forte,
290 3213 462 3275 fruman»,
488 3219 524 3255 ⁸¹11
