2018 3622
157 128 795 236 dealitaJdirrc'isirrrs
827 137 911 210 r6t'

67 279 130 354 gari
140 284 252 354 nolunt,
266 300 318 342 nec
332 279 444 357 vulgari
456 276 574 356 quidem
588 269 663 351 polle
675 268 828 333 confidunt.
846 266 907 329 ltaec

67 355 100 415 in
113 360 230 434 prae'sens
241 360 384 434 Bituriges
396 352 460 433 palli
473 355 545 416 sunt.
732 425 740 438 ·

108 438 258 512 Siquidem
277 436 367 495 Caesar
384 434 465 492 rebus
484 431 557 509 apud
580 424 694 488 AEduos
719 441 773 485 nte
795 441 909 498 compo-

64 511 143 586 litis,
176 516 268 590 pridie
288 509 427 571 Kalendas
443 508 580 583 Januarii,
598 521 728 580 tempore
754 507 761 532 ¹
784 517 834 560 aut
847 498 910 589 lane

67 591 231 651 'exercitum
262 589 297 648 ad
323 590 376 648 iter
399 601 559 662 oportuno,
591 582 717 642 Ribntte
741 577 911 655 digreditur.

69 666 217 742 edicitque
229 666 376 738 militibus,
394 681 427 724 ut
440 664 574 722 villatum
586 658 726 721 incendiis
743 656 921 745 abstineant,-

72 761 110 801 ne
134 749 144 773 ²
169 760 204 802 ut
222 743 376 803 exercitum
397 742 532 818 pabulum
551 737 629 808 delit,
650 754 699 797 aut
712 734 806 798 hostes
821 746 911 794 territt

70 818 230 881 retiaculo
250 818 334 879 sese³
359 820 487 879 intutum
516 817 646 893 eripiant.
684 814 726 875 lta
751 812 855 891 raptim
877 810 911 869 in
941 850 944 855 -

94 898 236 972 iturigum
250 895 327 970 fines,
346 896 423 957 unde
443 892 558 955 bestilia
578 892 757 964 nuntiantur,
775 889 912 965 erumpit,
945 925 952 939 ι

70 989 106 1033 ut
127 970 255 1052 premisl]
279 995 294 1034 e
334 973 387 1034 ites
410 973 487 1051 prius
511 973 543 1031 in
560 968 634 1047 agris
655 969 763 1031 otiosos
788 966 911 1028 securos·

67 1066 126 1126 que
147 1053 281 1112 ruricolas
319 1048 561 1129 eprehenderunt,
580 1066 665 1124 quam
686 1064 735 1108 aut
748 1047 849 1124 fugere
859 1061 917 1105 aut.
947 1058 951 1065 ·

68 1127 85 1186 d
109 1129 211 1207 quibus
237 1146 404 1207 caperentur
425 1126 571 1187 advertere
583 1120 742 1200 potuill'ent
777 1126 824 1187 Sic
834 1124 909 1184 mul-

65 1205 105 1264 tis
126 1205 280 1266 bominum
309 1207 428 1265 milibus
453 1203 551 1279 captis,
568 1203 672 1279 reliqui
695 1203 837 1281 Bituriges
858 1221 909 1277 per

68 1282 179 1340 vicinas
198 1283 283 1341 urbes
300 1281 421 1341 salutem
437 1279 498 1351 libi,
517 1277 664 1352 hospitum
674 1278 862 1352 indulgentia,
880 1279 909 1338 δι

70 1358 184 1434 privata
205 1357 275 1429 fide,
294 1371 343 1415 aut
363 1355 477 1430 publica
495 1353 676 1413 conliliorum
689 1355 913 1443 participatione,

94 1433 246 1493 uerebanu
281 1431 337 1490 sed=
352 1429 569 1508 nequidquam:
596 1429 738 1488 eeleritate
748 1447 839 1505 <emur
863 1429 955 1489 illas

72 1451 124 1570 dua
140 1508 249 1585 ubique
272 1506 363 1566 Cesar
389 1520 456 1580 erat,
476 1524 538 1582 quaa
561 1505 590 1565 δι
614 1502 863 1577 amicosi'ervabat,
883 1508 912 1568 ἃ
945 1551 952 1556 ·

73 1586 178 1646 dubios
190 1589 221 1646 in
229 1582 286 1645 fide
294 1581 468 1655 firmatam&
479 1580 573 1644 hostes
586 1581 769 1660 terrebatatq3
779 1580 912 1658 turbabat,
948 1630 951 1635 -

70 1659 909 1818 titillata&salutabiliter
947 1767 956 1778 .

67 1818 126 1879 'turi
150 1837 179 1877 es
197 1822 212 1858 ⁴
232 1833 261 1878 at
275 1815 389 1952 semper
396 1830 559 1892 promptam
571 1836 604 1875 ac
620 1830 764 1891 patentem
775 1816 910 1881 omnibus

71 1895 115 1954 mi
129 1894 325 1964 ericordiamt
355 1893 444 1953 reseris
469 1892 597 1964 rediere;
632 1890 758 1970 detisque
768 1894 910 1957 obsidibus

68 1971 141 2031 sunt
159 1972 288 2045 recepti,
320 1984 391 2030 nolu
405 1968 440 2028 ad
460 1969 661 2045 impunitatem
687 1969 776 2030 modo
801 1970 850 2032 sed
873 1973 917 2036 ad·
944 2002 948 2015 ·

71 2046 217 2124 gratiam,
234 2047 281 2107 ita-
300 2062 424 2106 utcum
447 2047 505 2120 iam
530 2044 664 2122 digressus
684 2047 792 2125 legatos
809 2069 909 2113 eorum

68 2121 228 2200 recepillet,
240 2134 325 2200 opem
340 2122 483 2199 poscentes
495 2119 626 2184 adversus
635 2121 780 2200 Carnutes,
800 2127 850 2205 qui
862 2148 910 2190 eos

70 2202 182 2279 proeliis
195 2198 324 2261 lacellille
335 2199 476 2274 dicebant,
495 2221 554 2260 non
565 2217 678 2263 tanturn
691 2202 799 2263 miserit
811 2207 911 2267 auxili·

68 2299 134 2352 um,
153 2277 201 2339 sed
215 2279 323 2351 ualerit,
353 2296 444 2358 eoque
457 2296 523 2340 cum
536 2279 681 2355 copiatum
728 2298 911 2357 rte-perrexe-

70 2356 117 2416 rit.
128 2375 201 2439 quae
211 2356 298 2416 ditata
309 2357 408 2433 predis
420 2356 594 2431 ingentibus,
607 2377 673 2417 cum
711 2374 824 2418 aruntes
837 2359 911 2422 diffi·
944 2392 949 2400 ·

69 2432 213 2495 colurum
240 2433 275 2494 ad
301 2447 425 2494 extrema
446 2432 603 2512 redegillet,
622 2453 675 2509 pro
696 2441 797 2511 parte5
822 2439 912 2497 animi
929 2459 932 2463 ²

68 2508 187 2570 'adversa
202 2508 265 2570 satir
278 2509 371 2571 aetum
384 2527 469 2583 rarus,
487 2509 611 2572 bostium
625 2510 777 2573 distraxiffe
796 2531 924 2573 comen--

73 2599 131 2659 tus,
150 2607 186 2646 ne
198 2587 268 2665 quid
280 2602 314 2648 ex
325 2585 437 2648 hiberni
447 2588 556 2649 confilii
566 2586 719 2648 seminibus
730 2591 840 2648 bellum
852 2609 922 2664 gra·-

74 2664 139 2724 vius
154 2683 221 2724 vete
241 2664 408 2736 nasceretur,
439 2664 569 2726 abscell‘rt.
611 2662 693 2724 Dum
705 2685 771 2724 ecee
785 2664 913 2726 Rhemo·
943 2709 945 2713 -

74 2759 141 2799 rum
153 2741 259 2817 legatio
274 2744 463 2820 querentium,
476 2744 640 2802 Bellovacos
652 2743 727 2801 inter
738 2763 837 2803 omnes
848 2744 915 2805 Gal·

74 2818 119 2876 103
142 2817 217 2877 bellu¹
240 2820 337 2890 claros,
355 2821 510 2882 exercitum
522 2819 924 2893 comparare-utSuellronem·

75 2891 268 2956 suanrmbem
281 2895 460 2959 invaderent.
480 2897 566 2957 duces
579 2894 630 2955 elle
645 2894 779 2959 Cornium
791 2899 914 2960 *Atreba-
