2018 3622
168 134 489 233 deVlraJutrs
515 128 765 218 Cnsnnts'.
813 134 900 247 141‘

54 273 200 354 speiiandi
261 272 301 337 tia
319 270 547 346 conscendenti3
575 270 659 332 collis
674 272 741 334 alter
756 274 791 335 ab
812 274 901 342 hosti·

57 355 116 415 bus
167 347 194 415 ll
223 372 265 426 us,
291 352 420 430 apparuit
431 359 539 413 saurus
552 345 700 421 custodiis,
717 350 900 427 quibuscun-

54 430 88 490 fe
116 430 123 444 ’
154 450 217 492 mus
238 425 294 491 eisc
314 428 506 491 consueverat.
556 423 640 488 Tum
669 444 817 503 parumper
842 446 905 506 gre-

57 506 132 581 dum
153 507 216 569 furit
232 504 385 580 sdmirans,
403 505 501 582 reique
517 500 630 565 causam
644 501 776 582 quesivit
794 523 830 566 ex
842 524 906 582 pro·

57 584 149 661 sugis,
166 585 218 661 qui
230 585 262 645 in
275 582 337 644 dies
347 584 383 644 ad
393 601 460 643 eum
472 582 558 644 multi
577 580 744 654 veniebant,
778 579 860 642 audit
870 602 906 647 ex

59 661 108 733 iis,
127 660 206 738 quod
218 661 254 720 ab
267 658 488 737 exploratoribus
505 656 562 721 suis
587 656 646 735 jam
668 658 747 735 prius
766 657 905 734 audierat,

60 756 164 798 omnes
178 736 247 799 inde
268 754 402 799 evocatos
423 736 458 800 ad
475 735 650 799 muniendos
671 733 768 796 aditus
790 735 850 797 loci
867 738 910 798 ul·

59 814 160 887 terius,
184 816 233 876 cui
249 814 373 878 nuxime
389 815 569 887 metuebant3
601 812 680 893 quod
701 811 770 874 inde
789 815 909 891 planum

61 892 119 952 iter
138 887 204 955 esset
219 891 256 953 ad
280 893 408 970 opidum.
433 912 520 973 quem
537 889 648 953 adimus
669 890 689 951 ss
711 890 838 953 Romani
863 910 909 952 ca·

62 984 184 1044 petent,
216 970 390 1051 quicollem
421 973 544 1032 alterum
567 969 624 1042 jam
654 966 812 1042 haberent;
842 984 908 1031 tum

61 1044 113 1107 fibi
138 1047 249 1123 prorsus
272 1044 369 1124 obscffi
389 1047 419 1111 δι
442 1045 540 1109 seclusi
562 1044 663 1119 isuis,
695 1045 725 1109 u
749 1045 854 1109 exclusi
869 1046 908 1109 ab

60 1125 144 1184 omni
162 1125 253 1188 libero
276 1122 403 1188 discursu
427 1142 513 1204 atque
531 1121 549 1183 i
567 1125 671 1200 pabulo
688 1121 867 1187 videbantur.

101 1200 167 1264 Hoc
179 1203 278 1265 audito
288 1223 388 1265 recens
405 1201 545 1280 cogitatio
557 1197 688 1277 pescullit
707 1219 822 1276 tepente
843 1198 907 1263 ani·

63 1293 157 1350 mum,
186 1282 286 1341 locum
306 1281 392 1339 illum
410 1277 578 1370 occupandi.
618 1277 683 1339 Erat
699 1293 794 1339 autem
807 1295 909 1339 natura

63 1351 96 1411 δι
115 1371 202 1415 manu
219 1355 372 1416 hominum
393 1355 515 1431 aggestu
529 1353 695 1429 perplexum
708 1353 762 1413 iter
773 1352 852 1416 saxis.
877 1355 908 1416 dc

62 1427 149 1506 super
161 1429 306 1508 duplicem
320 1428 530 1503 difficultatem,
553 1429 606 1488 tria
624 1428 666 1488 ibi
686 1424 809 1490 hostium
822 1427 910 1491 castro

64 1506 242 1570 munitiones
259 1506 429 1569 insederant.
453 1505 502 1568 sed
522 1503 648 1567 difficilis
670 1504 768 1567 cuniia
783 1525 910 1583 pernrm·

64 1603 132 1659 pere
151 1585 244 1647 virtus
260 1602 343 1647 amat.
393 1583 551 1647 ostentatis
561 1580 725 1660 legionibus
777 1581 813 1649 ni
829 1583 909 1647 aliud

64 1659 133 1722 effes
155 1662 277 1736 asturus,
308 1660 539 1741 &bacillacper
552 1660 683 1723 tenebras
763 1660 770 1674 ”
800 1679 909 1740 magrm

63 1735 179 1816 strepitu
201 1738 357 1803 discurrere
380 1737 455 1818 juliis
472 1738 626 1819 equidbus,
652 1737 683 1801 &
697 1737 836 1802 immixtis
848 1755 911 1803 tun·

63 1813 108 1876 bae
131 1817 309 1896 mulionibus
326 1819 465 1896 galeatis,
490 1836 551 1896 quo
575 1817 667 1892 major
688 1834 722 1879 ac
738 1813 909 1894 strepentior

63 1908 162 1981 motus
177 1886 487 1985 &nummumque
506 1893 620 1957 animos
640 1910 735 1955 errore
755 1912 788 1955 ac
803 1912 911 1986 pauore

63 1984 257 2134 turtur
270 1966 826 2138 smmum
848 1968 911 2138 ‘Pl'

61 2122 215 2198 legionum
231 2122 302 2200 quid
323 2139 401 2200 paret
419 2139 520 2200 spent,
537 2137 735 2199 quantumque
746 2140 805 2198 pen
864 2124 912 2183 -¹e

63 2194 198 2261 adversus
215 2217 303 2276 quam
324 2199 470 2280 occasione
493 2218 555 2261 non
579 2198 683 2274 proelio
702 2196 737 2261 lit
758 2197 911 2261 utendum.

64 2275 110 2336 Ut
129 2277 234 2338 milites
254 2295 324 2356 ergo
342 2276 407 2341 suos
427 2276 594 2339 contineant
619 2290 729 2350 monet,
758 2292 842 2357 atque
854 2276 912 2339 im·

64 2370 142 2428 peret
163 2374 202 2417 ne
223 2357 269 2415 vel
288 2371 391 2432 pugne
413 2356 461 2416 uel
478 2351 578 2431 praedae
595 2353 746 2416 dulcedine
765 2354 911 2431 rapianmr

63 2447 124 2567 ἓιιο
144 2451 206 2493 non
228 2431 352 2509 expedis.
389 2432 438 2495 Sic
459 2430 524 2492 suos
544 2429 653 2504 effatus,
680 2428 913 2494 AEduos-rscen·

77 2527 96 2566 u
119 2507 177 2570 alio
200 2509 237 2570 ad
262 2525 356 2586 portas
376 2507 455 2585 opidi
473 2505 611 2585 proficisci
631 2506 721 2582 iubet.
755 2505 833 2570 Inde
851 2507 912 2575 suis

64 2583 206 2648 militibus
229 2586 344 2663 sgnum
368 2591 449 2664 'quo
467 2603 594 2662 eccepto,
623 2581 802 2661 rapidiffime,
831 2585 911 2648 unde

64 2679 141 2723 unus
152 2662 280 2726 ascerrlirs
294 2663 457 2737 videretur,
485 2661 523 2723 sd
536 2661 713 2726 munitiones
732 2660 830 2723 obrias
847 2681 912 2742 pen

332 2888 335 2893 .
374 2841 384 2879 ¹
441 2864 450 2893 r
715 2860 725 2892 r
874 2841 908 2883 0‘

65 2891 184 2957 timarus
205 2906 280 2960 un'us
304 2898 321 2960 ὲ
344 2839 451 2975 rigulis
472 2895 622 2960 Gallorum
648 2894 720 2961 dum
745 2897 910 2961 meridiare·

264 2986 270 3007 ⁸
858 2990 907 3037 tur

58 3090 473 3285 fflifflffliisiffl
499 3111 553 3287 su}
568 3091 642 3219 iis}
656 3094 803 3219 iriioiuuru
816 3166 847 3202 α
860 3154 908 3216 ee

132 3238 146 3283 ⁴
164 3253 173 3270 0
723 3258 726 3265 .
