2024 3630
112 122 191 225 246
310 121 348 229 J.
371 114 473 200 Celfi
499 121 756 199 commentarii

108 255 197 328 bique
210 247 333 328 opidum
345 246 430 310 cellit.
450 248 486 310 de
497 265 576 328 parte
592 246 707 312 adversa
722 284 732 314 t
747 251 776 311 ei
791 251 819 313 br
835 252 863 311 vi
885 246 938 313 inti

108 332 191 388 milit
201 327 338 397 cecidere,
352 329 482 403 quamvis
493 345 603 404 magnae
614 329 680 388 urbi
691 329 814 390 cuilibet
827 274 936 409 inligniss

107 404 162 465 lira
182 424 218 463 es.
270 403 361 463 Caeser
387 402 499 481 Hispali
526 401 663 481 digressus
687 402 791 465 Idibus
831 407 935 483 Aprilis

108 425 203 542 Gades
213 481 305 557 petiit.
327 480 393 539 inde
404 478 518 538 rursum
534 479 681 559 Hispalim
694 479 801 554 rediit,
827 502 862 544 ut
874 483 935 545 His·

107 578 194 636 panas
207 577 251 616 res
263 558 343 617 velut
354 557 457 615 ultima
466 558 613 616 voluntate
624 555 797 632 disponeret,
806 578 864 637 quo
873 568 886 595 ²
899 581 934 619 re·

107 635 205 695 versus
228 634 350 710 emplius
374 653 434 692 non
460 650 527 690 erat.
548 634 590 692 ibi
610 653 677 694 vero
696 637 841 695 concione
852 636 932 696 advo·

104 731 176 783 cata,
203 708 344 772 beneficia
355 709 404 768 sua
419 711 450 768 in
465 729 526 768 eam
539 711 641 769 urbem
652 710 931 774 commemoravit&

108 790 227 868 antiqua
240 786 268 845 er
283 806 357 847 nova
371 795 381 831 ³
398 787 429 844 in
441 782 528 845 finem
541 805 588 846 eos
599 786 695 922 :aguit
706 803 847 863 tanquam
865 792 932 849 mala

108 885 160 938 pro
170 862 253 925 bonis
262 865 344 922 omni
356 881 483 939 tempore
490 861 603 921 reddidi
642 862 717 924 nrzin
726 864 931 940 peceseditiosr,

104 943 138 999 in
153 941 229 1000 bello
250 957 346 998 eutem
359 939 461 1016 ignavi.
481 937 561 1014 quod
583 938 684 999 Gneus
693 939 851 1016 Pompeius
869 943 930 1004 edo·

103 1016 210 1076 lescens
231 1033 332 1073 eorum
347 1015 426 1074 sotus
448 1016 577 1087 auxilio,
596 1014 699 1074 *eriis
726 1017 843 1078 civibus
853 1038 929 1098 egros

104 1092 134 1151 dr
144 1104 153 1136 ⁵
160 1089 266 1152 vicinia
277 1087 520 1160 vulterrunensis
533 1091 648 1150 civibus
659 1093 721 1151 illic
736 1094 872 1155 contrase
883 1095 930 1156 fis·

101 1184 149 1227 ees
167 1169 195 1229 dr
207 1169 363 1242 imperium
373 1164 534 1245 suscepillet
546 1210 555 1238 ,
584 1168 676 1228 immo
689 1189 758 1230 vero
770 1191 870 1234 contra
881 1192 928 1249 po·

102 1246 205 1320 pulum
219 1242 391 1314 Romanum,
404 1247 486 1320 cujus
498 1243 558 1319 ipse
570 1264 601 1302 re
620 1265 692 1305 num
701 1262 822 1308 teneret.
849 1247 926 1326 Quid

102 1323 180 1380 enim
201 1319 369 1390 crederent,
396 1340 433 1379 ne
443 1318 561 1380 forsitan
620 1319 927 1399 ispalenses⁶Romeno

102 1400 233 1467 vincere,
259 1396 338 1472 quod
348 1415 447 1456 eorum
460 1395 643 1472 provinciam
668 1399 803 1476 populati
824 1398 923 1474 eli'errt3

100 1493 136 1532 an
146 1471 273 1533 extindlo
283 1471 398 1545 cesare,
412 1473 465 1548 qui
477 1472 607 1534 mortalis
615 1470 696 1545 effer,
721 1495 783 1535 non
794 1474 927 1540 sentirent

99 1548 264 1610 Romanum
277 1552 419 1627 populum
439 1549 634 1609 immortalem
654 1550 666 1605 ἓ
695 1550 724 1610 &
738 1553 770 1611 in
784 1554 924 1627 praesensx

98 1622 206 1684 lubere
229 1627 354 1700 legiones
367 1644 429 1701 quae
441 1644 503 1685 non
520 1641 633 1684 tantum
645 1623 863 1701 Hispalenlibus
882 1649 924 1691 re·

97 1697 204 1773 sistere,
228 1701 276 1761 sed
288 1703 395 1761 coelum
406 1698 501 1776 ipsum
514 1700 629 1760 diruere
640 1700 846 1777 sintpotentee.
868 1724 924 1787 quo

94 1773 127 1844 in
139 1780 227 1844 rubo
248 1776 475 1840 nonsolumilla
500 1774 573 1836 inest
595 1777 736 1852 altitudo,
757 1800 821 1859 quae
834 1782 922 1845 omni·

97 1862 149 1921 bus
161 1872 246 1939 patet,
259 1856 307 1918 sed
320 1857 369 1917 illa
381 1853 468 1915 etiam
480 1851 643 1927 occultior,
663 1874 726 1992 suae
738 1856 771 1917 in
780 1858 922 1925 recensen-

94 1936 140 1995 rlis
155 1935 266 1997 viribus
278 1932 433 2005 Romanis,
453 1952 513 1991 non
526 1950 642 2003 omnes,
678 1932 713 1992 ed
725 1933 790 1995 suas
809 1953 919 1999 tannim

95 2015 264 2076 dinumerat
275 2011 409 2090 legiones,
423 2009 498 2088 quast
511 2009 636 2085 reliquas
646 2008 757 2070 nullius
769 2015 874 2087 pretii,
892 2015 917 2076 ἃ

93 2111 131 2149 ne
142 2089 284 2151 memoria
308 2087 428 2163 quidem
454 2086 555 2162 dignas
567 2081 686 2171 censeat.
727 2086 827 2148 Multa
840 2090 917 2164 hujus

91 2165 217 2226 historin
236 2166 269 2235 in
287 2167 354 2223 loco
369 2164 543 2240 scriptorum
557 2160 630 2220 vitra
645 2159 763 2223 confusa
788 2184 916 2242 praetereo

90 2244 126 2301 ad
140 2241 395 2317 finempropernns.
416 2238 464 2298 hic
477 2258 545 2316 ergo
567 2238 711 2300 bellorum
731 2241 865 2304 civilium
888 2245 914 2304 in

90 2318 229 2396 Hispania
242 2315 308 2376 finis
328 2315 395 2376 esto.

131 2395 188 2456 His
201 2410 246 2457 tot
272 2389 495 2460 helisendis,
525 2408 569 2450 ror
590 2390 737 2452 laboribus
761 2396 912 2464 exantlatis,

86 2491 161 2610 auos
171 2482 184 2522 ⁷
195 2470 315 2531 modum
329 2467 444 2539 orti,sed
457 2467 750 2604 scribere‚sedlefiere,
763 2470 811 2531 sed
824 2471 911 2532 audite

109 2549 207 2612 ifficile
218 2547 275 2616 est,
303 2545 395 2606 vidior
407 2543 497 2605 caesar
510 2544 629 2604 Romam
643 2566 671 2603 re
695 2547 737 2606 iit.
744 2547 827 2608 Felix
854 2566 909 2607 meo

86 2628 197 2700 judicio
210 2623 328 2704 quidem
339 2626 384 2682 vir
398 2621 540 2680 felicitate
552 2622 671 2692 bellici,
690 2622 849 2685 secundum
862 2622 908 2700 sty-

84 2706 145 2764 lum
159 2709 281 2779 loquor,
315 2704 334 2761 sr
361 2700 459 2775 petrice
485 2693 574 2756 hostes
586 2715 718 2770 tantum,
748 2722 806 2760 non
822 2703 848 2762 δι
867 2721 906 2778 pa·

83 2784 169 2840 triam
180 2778 298 2838 vicillet.
309 2799 339 2836 en
349 2794 425 2836 certe
436 2774 495 2836 fuit
508 2774 782 2855 verecundia,eaque
792 2776 905 2863 Romani

827 2871 903 2917 mons

115 2991 134 3025 1.
150 2975 221 3029 rore,
235 2971 282 3018 duo.
515 2967 625 3033 eutpaulo
636 2967 692 3032 post.

115 3061 136 3089 2.
150 3040 219 3100 Iege,
233 3028 357 3091 reuersurus.
549 3062 570 3087 :-
584 3036 654 3088 Fortr,
669 3033 749 3080 vicia.

112 3123 133 3159 ς,
148 3104 215 3163 Lege,
229 3101 251 3144 in
274 3113 304 3143 ne.
545 3097 876 3151 neonenomorosoinremr.

108 3188 131 3230 r.
146 3161 234 3229 Vident
261 3156 362 3211 tiendum
380 3168 417 3206 eut
432 3154 475 3216 hic,
544 3174 567 3224 73
581 3159 654 3215 Forte,
667 3174 706 3206 non
719 3162 786 3210 mode.
