2018 3622
69 58 124 75 φ’»

138 220 191 301 ς4
315 195 347 289 J.
368 187 469 273 Celsi
484 151 728 273 Commutarii
819 138 828 187 Ἰ

133 324 289 405 teratsupra
302 325 458 389 humanum
467 327 586 388 modum
596 327 668 389 altus
677 328 791 388 animus
802 323 831 386 &
842 326 971 391 inviilua

132 405 277 465 flumenta
301 405 389 481 igitur
404 426 438 465 ex
452 405 523 482 agris
535 403 660 483 vicisque
672 405 810 464 omnibus
831 406 864 466 in
890 406 970 467 castra

134 480 264 617 quotidie
277 484 286 514 ¹
298 482 327 542 u
339 483 467 553 navibuS,
485 501 547 559 quae
557 481 768 559 irreparabiliter
777 481 970 558 quadratum,

157 557 285 631 illolutis,
306 579 341 618 ex
354 579 385 618 ea
398 559 511 619 materia
533 558 599 618 alias
611 558 688 618 refici
703 583 712 630 ;
732 559 762 617 δι
777 559 861 636 quod
881 560 971 622 deerat

89 648 91 653 ’
134 656 169 695 ex
184 635 286 696 Galliis
297 634 419 696 convehi
431 636 559 696 faciebat.
578 634 638 710 idq;
653 651 729 695 tanta
741 635 826 695 ducis
838 636 969 698 solliciti·

134 712 218 783 dine,
228 728 309 773 tanto
322 711 415 772 studio
423 712 547 772 militum
560 711 671 788 gestum
683 709 735 783 est,
748 727 784 771 ut
796 732 834 774 ex
846 716 973 774 omnibus

135 808 195 849 non
212 790 332 865 amplius
345 807 431 865 quam
449 787 601 849 duodecim
615 788 645 847 in
664 804 762 848 totum
776 789 899 865 perditis
915 791 971 850 reli·

134 884 199 942 qun
214 865 248 924 ad
261 865 412 941 navigandi
423 865 507 928 usum
518 881 647 941 reparrtae
669 866 699 923 in
714 865 850 926 anchoris
864 865 967 928 starent.

134 944 182 1002 Sic
193 942 267 1019 quasi
286 950 296 974 ²
308 942 416 1003 reddita
428 942 510 1003 adria
523 943 634 1003 animos
647 942 777 1002 militum
792 943 967 1018 providentia

132 1017 177 1081 sui
188 1020 269 1080 ducis
279 1036 409 1079 erexerat.
452 1019 547 1080 ³llluc
568 1017 668 1078 allidue
679 1018 894 1080 flumentatum
915 1041 967 1098 pars

134 1096 279 1155 exercitus.
300 1096 480 1174 contigitque
492 1097 539 1157 die
553 1096 685 1173 quodam,
704 1111 737 1155 ut
760 1098 880 1172 legione
892 1098 967 1174 septi·

133 1191 180 1230 ma
193 1172 228 1231 ad
239 1172 268 1232 id
278 1173 370 1249 ipsum
381 1174 416 1232 de
428 1192 507 1232 more
520 1172 660 1248 pruscam
683 1172 855 1250 barbari,qui
865 1194 965 1235 eoven·

132 1262 227 1309 turam
249 1269 284 1309 ex
296 1250 395 1311 ordine
406 1250 573 1326 cogitarent,
591 1250 740 1325 quodiam
762 1252 825 1309 aliis
844 1250 875 1310 in
891 1251 963 1327 parti·

133 1324 188 1385 bus
207 1327 323 1389 inventa
338 1327 481 1387 frumenta
494 1325 714 1401 precedentibus
733 1326 838 1386 diebus
850 1324 965 1388 abstulil·

132 1402 206 1476 sent,
224 1404 369 1465 notrumis
383 1425 444 1462 eam
457 1402 678 1479 praellolare'ntur
691 1402 799 1463 insidiis
813 1427 821 1461 :
843 1424 911 1466 cum
930 1420 964 1464 ta·

133 1501 203 1541 rnen
224 1482 303 1542 nulla
322 1479 476 1557 suspicatio
491 1481 558 1541 belli
572 1479 648 1553 eliet,
672 1478 721 1539 sed
734 1481 866 1541 ruricolae
878 1481 964 1559 pallim

133 1557 164 1618 da
186 1559 217 1617 in
240 1558 312 1633 agris
331 1575 508 1635 vagarentur,
527 1556 555 1617 dt
576 1557 712 1617 Romanis
726 1556 863 1618 incastris
884 1561 964 1618 libere

134 1633 325 1703 vorlarentum
345 1637 459 1710 legione
476 1649 571 1694 autem
596 1632 742 1708 conspeila
756 1634 774 1693 ὸ
788 1634 966 1710 filviserupe·

133 1725 205 1779 rant,
226 1729 345 1786 eamque
356 1712 436 1787 equis
448 1710 476 1768 δι
488 1709 624 1771 effedariis
634 1710 888 1771 circumdederant.
907 1712 968 1786 qui·

131 1784 236 1843 buseo
256 1800 384 1857 tempore
401 1785 438 1845 sic
452 1786 613 1860 utebamur,
632 1803 666 1846 ut
683 1787 712 1846 δι
727 1789 871 1847 levitatem
884 1787 964 1861 equi·

131 1878 195 1923 rum
205 1858 362 1938 prestarent
370 1861 397 1920 δι
405 1861 532 1937 peditum
542 1862 710 1923 firmitatem.
720 1863 756 1923 Et
768 1866 820 1937 jam
829 1863 962 1938 legioim·

132 1943 231 2018 'petum
250 1940 457 2015 minitrumque
480 1938 604 1999 hostium
622 1938 759 2000 sustinere
782 1941 830 2000 vix
841 1956 964 2015 poterat3

132 2018 147 2061 ⁴
161 2017 231 2078 dum
243 2014 395 2077 castrorum
408 2015 535 2077 custodes
548 2015 685 2075 Caesarem
698 2017 848 2077 certiorem
860 2017 965 2077 faciunt

132 2096 279 2169 pulverem
300 2093 383 2155 solito
401 2095 538 2167 majorem
562 2092 597 2152 ab
611 2113 653 2166 ea,
672 2112 731 2170 quo
743 2095 822 2170 legio
845 2094 965 2170 profetia

133 2189 193 2231 erat
205 2189 279 2247 parte
291 2170 467 2247 consurgere,
487 2170 579 2231 statim
591 2170 669 2246 quod
681 2185 739 2232 erat
751 2174 872 2246 augurio
884 2172 968 2231 animi

132 2248 334 2323 apprehendit,
358 2247 527 2325 arreptisque
545 2249 629 2306 armis
642 2249 701 2307 illic
726 2267 875 2322 properans
898 2267 966 2309 cum

130 2341 210 2396 parte
222 2323 360 2380 exercitus
379 2323 491 2383 invenit
516 2324 663 2399 legionem
677 2325 706 2384 in
719 2324 827 2383 ultimis
837 2324 967 2386 laboran-

129 2406 201 2458 tem.
213 2416 271 2456 non
285 2396 342 2455 fuit
354 2417 424 2471 opus
440 2401 546 2472 proelio.
565 2400 622 2459 sola
636 2399 744 2460 Caesarie
753 2396 895 2473 presentia
909 2401 969 2460 suis

131 2489 254 2541 anetum,
272 2470 399 2532 hostibus
413 2476 555 2536 villoriam
565 2476 677 2552 eripuit.
713 2476 777 2537 Sive
787 2491 881 2534 autem
897 2474 968 2537 hora

130 2549 216 2607 serior
229 2550 297 2620 diei,
317 2551 372 2611 sive
386 2554 454 2610 ⁵alia
468 2575 532 2613 eum
548 2554 626 2613 causa
638 2568 800 2623 tenuerunt,
818 2550 883 2612 suos
896 2554 968 2614 libe·

130 2624 196 2685 ruffe
218 2628 341 2702 periculo
354 2645 505 2690 contentus
516 2631 626 2689 inullis
640 2630 765 2690 hostibus
788 2627 872 2688 castra
887 2651 967 2707 repe·

130 2702 186 2762 tiit.
215 2705 348 2779 proximis
369 2705 468 2764 diebus
490 2724 574 2767 tantae
597 2706 714 2766 fuerunt
732 2704 909 2780 tempestates
934 2723 968 2766 ut

132 2779 278 2843 Romanos
305 2778 318 2815 ⁶
337 2782 502 2845 subtentorii
525 2785 666 2848 Britannis
683 2784 714 2846 in
739 2784 834 2862 opidis
854 2782 966 2847 detine·

902 2935 966 3011 Poll

123 2875 213 2937 tent„

165 3083 184 3116 ι.
201 3067 359 3119 Peesscmrain‘.
535 3075 546 3146 1
587 3092 606 3132 5.
623 3077 692 3135 Lege,
709 3073 891 3136 calimarcense.

161 3148 183 3179 a.
198 3135 271 3189 Forte,
280 3135 360 3182 reddita
370 3137 423 3185 nitu
585 3151 609 3203 6..
623 3142 689 3203 Lege,
708 3138 748 3200 snb
757 3141 863 3205 tentoriis„
881 3137 967 3196 erran

162 3198 334 3255 3.tege,1lar.
554 3216 592 3251 nur.
665 3214 668 3219 ‘
742 3200 776 3208 ”

160 3279 168 3301 .·
194 3261 258 3306 tene
271 3275 325 3314 curn.
