2018 3622
161 157 501 253 dth'taJotu
538 155 802 243 Cnsnnrs'.
859 184 911 265 59

71 298 179 362 frustra
192 299 277 374 essem
309 298 346 361 td
357 319 420 359 eam
434 318 529 360 cutam
541 298 631 358 vertit
643 299 770 361 animum
783 325 791 370 3
809 318 843 361 ut
854 323 917 364 om·

75 381 124 438 nia
148 378 196 438 sibi
216 380 292 438 illius
311 376 426 440 confilia
447 393 515 436 nota
528 375 624 436 essent.
653 375 774 450 proinde
784 396 849 435 cum
862 381 918 451 iam

76 475 165 532 prope
184 455 315 516 mensem
332 453 427 513 ventis
440 453 622 530 navigatione
635 453 731 525 dilata,
757 453 854 514 votiva
873 455 922 512 de·

74 552 158 591 mum
171 531 364 607 tranquillitas
383 528 521 590 affulsisset
539 555 547 602 ;
572 531 732 589 exercitum
753 549 841 588 naves
855 549 924 589 con·

75 608 212 669 seendere
222 608 315 666 Caesar
328 607 484 682 imperavit.
496 607 648 685 multisque
661 606 837 677 dolentibtm
848 626 924 666 unus

79 686 217 745 omnium
232 683 393 744 Dumnorix
417 685 457 743 im
478 685 566 743 etium
581 684 734 744 detretlare
751 683 834 742 ausus
855 702 922 744 cum

80 761 227 836 ,equitibus
243 760 346 819 AEduis
370 768 378 793 ¹
402 761 443 820 cla
465 781 509 821 em
528 761 621 820 castris
639 762 806 837 egreditur;
837 759 866 817 δι
879 780 924 834 pa·

80 839 169 896 triam
182 837 276 915 tersus
289 837 341 898 iter
351 838 471 915 erripuit
526 837 616 913 Quod
630 858 694 898 cum
720 837 810 896 Caesar
829 837 924 896 audis·

79 913 133 985 set,
153 916 335 991 navigatione
348 915 481 992 rebusque
494 916 627 975 omnibus
640 913 809 990 posthabitis,
841 915 924 991 equi-

81 1006 164 1050 tatus.
171 1009 276 1066 partem
288 993 367 1054 illurn
379 993 458 1070 sequi
472 997 482 1022 ²
496 991 647 1062 reducere3
681 992 720 1050 sm
742 1011 836 1053 autem
858 992 923 1051 teli·

80 1065 140 1139 stat,
171 1068 300 1129 occidere
322 1070 456 1147 praecipit.
495 1068 548 1127 Ille
560 1088 626 1128 cum
639 1067 779 1144 equitibus
792 1069 921 1130 assecutis

81 1144 170 1204 redire
180 1146 213 1205 ad
225 1146 363 1206 Caesarem
374 1149 530 1222 juberetur,
553 1147 756 1206 contumaciter
769 1147 876 1208 obstare
890 1149 920 1209 δε

79 1219 167 1282 fidem
180 1223 319 1284 comitum
334 1224 498 1299 implorare,
517 1222 601 1300 seque
619 1221 781 1283 &liberum
795 1224 921 1284 &libera

80 1311 180 1357 ortum
192 1299 222 1356 in
233 1300 321 1372 patria
332 1302 511 1375 proclamare.
531 1300 638 1375 equites
648 1299 774 1357 Romani
789 1323 797 1369 ;
815 1317 848 1358 ut
859 1300 921 1372 julli

83 1387 165 1431 erant
184 1375 390 1433 vociferantem
401 1375 484 1449 seque
498 1393 585 1432 manu
597 1389 792 1447 protegentem
805 1375 924 1433 circum·

82 1464 158 1507 eunt
171 1448 199 1507 &
212 1451 392 1509 obtruncant.
429 1448 545 1525 Equites
555 1465 652 1506 autem
665 1448 755 1506 AEdui
765 1448 836 1508 duce
847 1449 927 1509 amis·

82 1525 116 1585 so
128 1526 163 1582 ad
178 1524 314 1585 Caes’arem
326 1546 361 1585 an
375 1526 504 1584 volentes
514 1546 548 1584 an
563 1523 649 1583 inviti
661 1523 788 1582 redeunt.

124 1600 191 1662 Post
201 1598 392 1679 Domnorigis
412 1622 435 1661 ae
475 1600 747 1676 oampliusdilatam
761 1601 877 1673 caedem,
889 1603 924 1664 ad

82 1679 298 1756 navigationem
310 1679 426 1741 intermi
448 1698 492 1739 am
507 1678 597 1739 Caesat
608 1679 738 1738 animum
753 1677 869 1739 reflexit.
889 1681 925 1740 Et

82 1756 183 1816 relitlo
205 1757 234 1816 in
252 1756 498 1819 Galliis'Labieno
522 1777 589 1816 cum
607 1756 700 1815 tribus
716 1757 878 1832 legionibus
895 1759 924 1818 δι

84 1832 196 1892 duobus
207 1834 323 1911 milibus
332 1834 470 1906 militum,
498 1835 548 1910 qui
563 1834 591 1893 δι
604 1839 613 1872 ³
628 1834 715 1908 portis
727 1832 923 1908 defenderent,

83 1906 113 1967 δι
128 1911 264 1969 exercitui
276 1929 415 1986 oportuna
432 1911 641 1970 transmitteret.
674 1910 702 1969 &
714 1910 824 1986 siquod
837 1915 852 1953 4
865 1931 925 1971 non

81 1986 141 2044 illis
158 1987 189 2045 in
208 1987 287 2063 terris
299 2004 466 2064 emergeret,
497 1986 646 2045 confilium
660 1986 784 2059 tempori
796 2005 828 2045 ec
844 1987 927 2048 rebus

81 2062 226 2122 idoneum
239 2068 298 2123 iton
319 2069 328 2102 ⁵
349 2062 447 2124 deesse.
496 2063 559 2138 Ipse
576 2061 727 2122 occidente
746 2059 804 2119 sole
826 2061 927 2124 funem

80 2140 195 2212 solvit;
236 2138 263 2198 δι
278 2138 409 2214 prospero
421 2138 510 2215 nsque
524 2136 558 2197 ad
573 2139 697 2198 mediam
711 2137 824 2197 nortem
839 2155 927 2200 vento

81 2215 154 2275 usus
172 2240 181 2287 ;
204 2216 233 2275 ἃ
247 2231 317 2275 tunc
330 2216 446 2276 tandem
459 2215 610 2276 destitutus
621 2214 687 2274 aestu
700 2214 865 2290 impellente
878 2215 927 2275 de·

81 2292 218 2369 stinatum
233 2293 287 2352 iter
301 2290 530 2368 praetermiseram
561 2292 608 2351 die
619 2291 736 2352 demum
749 2293 878 2367 proximo
889 2295 938 2356 ed

83 2370 155 2428 illud
168 2368 260 2445 ipsum
275 2371 356 2430 littus
375 2370 425 2429 ubi
437 2390 512 2430 anno
525 2369 664 2444 superiore
680 2367 858 2431 descenderat
872 2371 924 2445 fuir

85 2447 237 2506 meridiem
259 2446 298 2506 est
313 2462 491 2522 perventum,
523 2464 616 2524 neque
633 2445 808 2507 nllutirosiis
826 2448 866 2507 ibi
878 2451 909 2509 in

86 2538 198 2583 ventur.
219 2524 307 2583 multi
320 2523 437 2601 quidem
449 2525 570 2594 fuerant,
599 2522 647 2583 sed
662 2538 742 2584 utex
753 2526 872 2600 captivit
898 2538 901 2545 '

84 2602 246 2677 cognitum,
264 2615 322 2662 tam
334 2601 483 2661 numerosa
497 2619 610 2685 tamque
621 2599 752 2662 instruite
765 2599 844 2663 classe
855 2622 924 2664 con·

85 2675 185 2751 spem,
205 2676 317 2755 stupore
328 2698 360 2738 ac
373 2692 455 2739 metu
464 2692 635 2754 ptaeutgente
646 2676 825 2755 diffugerant,
838 2697 924 2758 atque

85 2752 118 2811 in
132 2770 265 2816 montane
279 2754 508 2816 conscenderant.
549 2754 636 2830 Quod
652 2753 739 2815 Caes'ar
751 2756 923 2834 intelligens,

86 2828 256 2910 edottusque
261 2833 312 2894 ubi
323 2830 419 2906 essent,
430 2831 516 2893 castra
529 2842 650 2893 metante
657 2832 689 2893 in
702 2832 844 2904 littore&
854 2856 924 2911 prae·

89 2905 161 2967 sidio
176 2910 266 2973 castris
278 2930 309 2973 ae
322 2911 440 2974 navibus
455 2909 596 2988 impolito,
628 2910 664 2971 ad
675 2909 861 2992 'querendum
873 2910 925 3047 Ros

897 3005 911 3042 e

119 3123 139 3156 1.
159 3109 305 3166 Legegesatr.
497 3128 501 3163 ;
551 3127 573 3170 4.
592 3112 662 3167 Lege,
679 3111 735 3154 novi.

121 3186 140 3218 ε.
157 3167 300 3225 Addendlrm.
314 3183 346 3221 at.
554 3186 575 3229 ς.
595 3175 665 3230 ίῳ,
678 3168 752 3231 derffm
778 3200 782 3207 -

119 3249 141 3289 ³·
157 3228 318 3298 tenestinae
685 3240 689 3249 ·
729 3258 733 3265 -
839 3240 842 3245 ’
