2018 3622
186 115 229 194 de
252 116 334 199 Vita
356 115 490 223 Jutn
518 82 761 205 Cnsnma'
834 138 910 219 245

67 273 122 331 per
133 271 220 332 quem
229 251 265 311 ad
279 252 528 341 oppugnationem
539 251 621 311 urbis
633 249 836 311 ascenderetur.
849 271 913 331 quae

66 332 134 390 telis
148 349 179 388 ac
195 331 394 399 muctombus,
414 329 494 388 velut
512 331 589 386 calce
602 327 759 403 compasta,
777 329 916 389 invicem

67 403 258 476 cohaerebant,
277 405 414 479 murique
438 403 596 482 cujuspiam
619 401 748 461 officium
770 403 913 463 ministra-

67 483 148 541 bant.
190 480 330 541 ‘Itenunc
344 479 478 540 miseri&
491 481 629 540 civilibus
641 479 721 539 bellis
733 480 913 540 incumbite:

69 556 86 583 “
104 557 177 616 dum
198 577 234 616 ue
246 558 309 616 aliis
320 555 457 617 invidetis
469 556 608 633 vos-ipsos
622 557 788 634 opprimite,
838 555 913 616 Ecce

64 631 83 659 “
93 633 129 691 de
143 576 248 694 vebris
262 633 448 692 cadaveribus
466 632 626 709 superstites
641 652 649 678 1
665 634 911 710 oppugnantibus.

66 709 82 736 “
96 731 133 769 an
144 709 226 768 aliud
242 711 316 785 petis
334 729 371 768 an
398 709 539 786 quidquid
563 709 713 768 furoribus
731 711 911 768 nuncetiam

67 784 84 812 ‘⁴
98 783 196 846 vestris
210 782 310 846 deest?
345 786 394 844 An
408 787 472 844 vult
482 787 562 845 aliud
586 785 730 845 Labienus
750 802 809 845 tam
820 785 911 844 fervi-

67 860 84 887 “
98 860 154 920 dus
167 862 344 921 insultator?
376 861 405 918 δι
432 863 482 935 alii
503 863 634 921 cecidere
647 863 705 921 tuis
717 860 910 941 instigatibus‚

67 937 82 962 ‘¹
98 939 234 998 Labiene.
255 937 283 996 δι
298 954 332 997 tu
343 936 426 997 miser
439 959 507 998 cum
521 940 583 997 aliis
594 939 714 998 cadauer
727 941 848 1000 unicum
870 941 910 1016 ja·

69 1013 84 1040 “
99 1033 165 1074 ces:
187 1015 319 1091 quamvis
333 1015 360 1074 &
373 1015 468 1074 tibi&
482 1014 562 1074 Varo
573 1013 722 1090 sepulchra
742 1015 814 1074 fasta
827 1035 857 1074 re
879 1035 909 1072 e·

71 1089 87 1115 “
102 1092 186 1150 tiam.
208 1091 235 1150 δι
250 1092 388 1168 quoniam
400 1091 460 1150 tuis
473 1093 547 1150 ineo
561 1089 633 1151 statu
645 1089 751 1150 vacasse
763 1113 819 1151 non
831 1034 908 1150 arbi·

68 1165 84 1192 ‘⁴
97 1184 171 1235 tror,
190 1169 298 1229 extimo
315 1169 363 1226 illa
374 1165 511 1238 casarea,
534 1169 587 1226 tibi
603 1167 720 1243 quidem
740 1165 910 1245 prorsusin-

67 1241 83 1268 “
97 1242 215 1315 debitae,
235 1241 316 1302 fuisse
330 1243 495 1302 clementia.
518 1243 638 1318 satisque
652 1245 806 1322 augurorsr
819 1243 856 1300 sac
868 1242 908 1303 est

71 1315 87 1344 “
102 1335 140 1388 te,
161 1337 195 1380 ut
207 1318 349 1378 obstinato
363 1337 422 1376 eras
430 1318 538 1388 animo,
559 1319 742 1378 inhumatum
755 1320 907 1393 abiicima·

69 1391 87 1420 ‘⁸
99 1392 189 1455 luisse.
230 1396 328 1454 Gneus
336 1393 455 1472 quidem
463 1395 624 1470 Pompeius,
644 1395 673 1452 δι
683 1393 804 1453 humero
816 1395 844 1451 δε
859 1396 905 1452 lae-

72 1489 109 1547 vo
122 1489 205 1531 crure
218 1485 231 1512 ²
245 1471 335 1540 santo,
356 1471 432 1529 inter
444 1468 552 1530 medias
573 1469 660 1530 caedes
680 1471 787 1548 proelio
808 1469 908 1545 pulsus

71 1545 192 1609 excellit.
212 1543 291 1604 hunc
304 1546 336 1604 in
348 1544 456 1617 sesima,
475 1545 553 1622 quod
566 1565 620 1604 nec
634 1565 710 1622 equo
723 1565 774 1604 nec
788 1545 908 1603 vehicu-

71 1623 100 1682 lo
112 1623 158 1683 uti
171 1619 269 1700 posset,
288 1621 437 1681 nemorosa
458 1622 522 1683 avia
543 1638 748 1700 penetrantem,
767 1622 836 1697 fuga
854 1620 908 1679 hu-

70 1699 136 1759 mili
154 1698 181 1758 &
196 1700 310 1758 occulta
321 1715 406 1775 atque
420 1697 451 1756 in
462 1695 605 1775 speluncis
617 1700 784 1768 latitantem,
793 1697 909 1758 Cesoni-

71 1774 105 1835 as
117 1773 234 1837 Caesaris
245 1775 353 1850 legatus
365 1772 535 1834 resrstentem
548 1775 640 1835 adhuc
667 1775 695 1835 ἃ
720 1773 828 1833 miserae
850 1773 910 1850 spei

70 1850 207 1929 reliquias
218 1850 397 1911 refoventem
409 1847 555 1924 assecutus
575 1853 610 1912 ad
625 1852 798 1925 Lauronem,
818 1850 852 1910 id·
867 1849 914 1926 elb

69 1927 136 1988 Ioco
149 1945 264 1997 nomen,
281 1927 451 1987 obtruncat:
472 1945 561 2006 caput
574 1927 609 1988 ad
621 1927 760 1988 Caesarem
774 1930 908 2002 refertur,

69 2003 179 2065 talibus
192 1999 328 2060 assuetum
339 2003 506 2062 muneribus
514 2003 769 2080 nongaudentem.
808 2004 908 2080 Hujus

90 2096 242 2139 eumanum
253 2076 373 2138 Sextum
384 2079 553 2156 Pompejum
577 2082 609 2138 in
627 2080 780 2141 Celtiberia
792 2081 910 2140 abscon·

69 2099 141 2217 dille
151 2153 302 2227 fortunam
313 2151 461 2226 tradunt,³
474 2174 511 2213 ne
524 2155 660 2232 quoniam
670 2155 778 2215 scilicet
790 2153 910 2218 deessent

69 2231 153 2291 bellis
163 2229 299 2289 civilibus
311 2230 453 2290 alimenta.
494 2231 608 2291 Munda
633 2229 695 2307 post
709 2231 843 2306 proelium
857 2251 907 2291 ex·

69 2323 197 2387 pugnata
208 2306 327 2383 quidem
338 2305 353 2363 d
365 2305 484 2378 casare,
499 2304 548 2367 sed
576 2307 689 2384 ingenti
700 2307 779 2385 prius
793 2307 909 2383 sangui-

72 2385 119 2444 nis
133 2381 248 2458 profusa
259 2392 273 2428 4
285 2381 401 2442 delivio.

112 2460 166 2519 Pet
179 2478 228 2517 eos
240 2458 301 2517 dies
313 2476 478 2536 oppugnata
491 2459 605 2520 nusum
641 2458 722 2519 Veto
735 2458 830 2529 duba,
844 2476 912 2535 quae

72 2537 195 2613 qualiter
208 2532 350 2595 defecisset
365 2555 424 2594 non
438 2535 565 2595 invenio.
579 2536 675 2614 magni
689 2536 729 2594 ibi
744 2552 839 2595 motus
862 2537 909 2595 in-

72 2631 141 2688 gens
157 2613 188 2673 in
201 2613 317 2672 civitate
329 2609 466 2683 dissenfio,
478 2629 556 2689 parte
568 2633 626 2671 una
639 2611 674 2669 ad
689 2612 835 2680 Caesarem,
867 2614 910 2673 al,

72 2696 132 2754 tert
161 2690 192 2746 in
224 2691 401 2747 contrarium
424 2689 592 2747 inclinante.
632 2688 765 2764 Cumque
786 2684 852 2748 esset
873 2688 915 2748 ad.

75 2784 153 2822 arma
173 2762 332 2824 discursum
349 2767 421 2824 vicit
437 2785 498 2842 pars
513 2783 575 2839 qua
590 2763 725 2824 Caesarem
738 2767 858 2834 colebat,
874 2766 909 2828 s.

524 2841 551 2901 Υ
573 2863 586 2899 2
821 2843 911 2922 biqUe

111 2967 131 3002 1.
146 2959 220 3012 Forte,
229 2969 375 3020 oppugnantur,
386 2958 479 3008 malind
493 2956 499 3010 i
551 2974 569 3013 3.
582 2959 653 3013 Forte,
666 2959 774 3020 earpualdo,
786 2957 853 3008 velue
862 2975 912 3025 qua»

78 3019 335 3143 petitisgcgapqpaicqpam.
549 3039 570 3081 4.
585 3025 651 3132 lLege,
666 3022 760 3132 {plezza

113 3095 134 3128 2.
211 3097 304 3136 ,aucta
551 3101 570 3140 p.
602 3096 657 3142 orte,
684 3101 705 3132 tr
760 3115 768 3132 ι
