2018 3622
120 140 174 216 60
312 131 345 226 J.
368 125 470 213 Celfi
492 133 736 211 Commentarii

118 271 249 350 ssesrapit
271 271 442 362 exercitum
471 269 574 349 quibus
595 291 644 346 per
666 269 785 362 nomem
805 273 950 363 appropin.

117 371 218 488 auant,
248 369 330 409 mane
350 351 415 409 rllos
434 368 465 407 m
489 346 641 426 conspelht
659 344 768 409 habuit.
808 349 858 410 1111
878 352 952 411 vicis·

139 448 169 487 m
192 425 317 487 hostibus
327 440 506 486 occurrentes
523 425 554 486 ἃ
577 424 610 485 ad
634 424 724 501 ripam
743 426 840 486 amnis
860 428 951 489 altiore

116 504 239 567 deloco
260 505 401 578 impetum
427 501 580 573 facientes,
613 502 648 561 ab
674 500 805 580 equitatu
830 501 949 564 Caesareo

116 582 170 643 susi
191 581 275 651 sunt,
304 580 336 639 in
354 577 489 655 silvasque
511 578 688 653 refugerunt.
733 577 779 638 lbi
798 580 899 641 locum
910 602 950 640 na·

114 676 177 718 tura
203 656 329 716 validum
352 656 458 715 nuncis
471 674 502 714 ae
515 652 672 715 transversis
683 653 832 717 arboribus
845 657 950 717 validis·

115 735 220 795 fimum
241 734 400 793 effecerant.
435 752 471 792 eo
495 746 590 790 tamen
616 730 735 806 septima
765 734 846 809 legio
870 754 949 809 pene·

113 813 201 873 travit
221 809 248 869 ἃ
269 809 343 886 quali
362 804 539 868 feraslustris
558 808 633 868 ferro
654 809 775 883 expulit.
824 811 869 872 At
887 810 949 871 dum

114 889 250 964 profugos
267 886 382 960 longius
401 883 480 963 sequi
495 886 592 957 vellet,
616 904 668 961 pto
686 901 731 944 tet
747 889 882 948 locorum
902 888 949 948 im·

114 964 242 1040 peritiam
267 962 283 1021 i
306 963 379 1021 duce
401 960 541 1037 prohibita
566 960 613 1021 est.
698 962 726 1021 ie
745 982 861 1040 quoque
882 982 948 1025 tem·

113 1039 202 1114 pellas
225 1039 308 1098 altera
329 1039 489 1098 Romanam
510 1036 622 1098 classem
641 1039 765 1111 vexavit,
790 1055 824 1099 ut
841 1039 871 1099 se
883 1060 947 1100 con·

113 1132 257 1191 temptum
280 1113 400 1190 agente
418 1112 644 1188 mediterranea,
674 1118 785 1190 pertitus
804 1114 944 1192 indignari

113 1208 199 1269 atque
217 1191 296 1251 irasci
308 1190 451 1250 videretur
462 1188 615 1262 Oceanus;
642 1191 672 1251 &
685 1189 802 1267 ccelesiis
819 1190 860 1251 ira
873 1199 881 1223 ¹
894 1209 944 1251 tet·

115 1270 221 1329 aescere
243 1267 335 1328 rursus
359 1267 544 1343 pervicaciam
575 1262 726 1345 coerceret.
742 1254 849 1328 'Non
872 1268 944 1329 eninr

120 1346 322 1407 tantummodo
358 1350 367 1375 ²
393 1342 483 1403 animi
509 1344 624 1404 alterius
648 1344 773 1422 aeqtravit
795 1344 946 1406 incommo-

115 1424 186 1484 dum
199 1422 248 1482 sed
267 1420 445 1484 transcendit.
497 1420 588 1496 Quod
609 1422 661 1481 ubi
685 1428 696 1463 ³
719 1419 811 1482 C'aesat
828 1423 845 1482 ὲ
860 1423 946 1498 Quin·

116 1518 148 1559 to
174 1501 269 1573 Atrio,
301 1520 388 1577 quem
405 1493 478 1557 claffi
502 1498 669 1575 prefecerat.
701 1499 872 1559 nuntiatum
895 1498 944 1569 est,

115 1578 196 1635 illico
217 1578 346 1650 legiones
363 1594 432 1709 puae
464 1574 498 1632 ad
525 1575 733 1652 insequendum
758 1575 946 1652 quaerendum·

114 1670 171 1727 que
189 1649 299 1710 hostem
321 1653 361 1710 mi
373 1667 441 1720 erat,
460 1671 495 1708 ex
519 1652 620 1713 itinere
644 1660 657 1693 ⁴
676 1650 852 1729 provocavit.
871 1649 947 1712 omis·

74 1758 78 1765 ·
114 1728 203 1804 lisque
227 1729 301 1786 curis
325 1727 385 1786 aliis
410 1726 445 1785 ad
478 1726 686 1789 instaurandam
718 1725 829 1789 classem
858 1745 945 1790 toturn

114 1808 242 1865 animum
266 1803 392 1878 adjecit;
424 1819 457 1862 ut
468 1805 608 1865 noslurno
623 1807 724 1880 pariter
741 1824 773 1865 ac
783 1804 887 1864 diurno
898 1806 947 1864 rni-

113 1882 199 1943 litum
226 1881 320 1942 labore
349 1886 357 1918 ⁵
387 1895 500 1955 accepta
532 1882 683 1943 calamitati
708 1880 759 1943 sua
784 1882 816 1955 iu
837 1880 860 1940 is
885 1900 945 1941 cura

114 1958 270 2021 subveniat.
308 1956 343 2018 Et
363 1956 590 2032 primoquidem
607 1960 639 2018 in
662 1899 852 2021 subducentis
875 1957 947 2018 navi·

116 2038 168 2099 bus
198 2037 226 2097 &
254 2054 320 2096 cum
343 2033 435 2095 castris
460 2051 521 2093 ono
544 2034 651 2095 ambitu
676 2033 883 2096 concludendis
903 2032 948 2094 de·

116 2135 179 2174 cem
192 2116 302 2173 dierum
314 2127 436 2187 ,tempus
456 2110 614 2186 expendit3
632 2110 763 2191 nequod
781 2113 830 2172 vel
849 2113 864 2172 l
883 2112 946 2171 mari

114 2192 230 2251 interim
241 2191 288 2247 vel
299 2189 334 2247 ab
347 2187 472 2247 hostibus
495 2204 664 2260 paterentur.
709 2187 827 2250 Dehinc
846 2189 877 2248 in
902 2186 947 2248 eis·

114 2266 181 2325 dem
206 2265 373 2337 reparandis,
399 2281 538 2337 quantum
557 2264 618 2324 fieri
641 2261 737 2341 posset,
768 2285 832 2327 non
860 2265 947 2325 fabros

114 2357 236 2409 tantum,
262 2338 320 2423 qui·
336 2341 491 2424 exercitum
512 2340 709 2417 sequebantur,
740 2341 790 2403 sed
810 2341 947 2403 accersitos

115 2437 151 2477 ex
162 2414 261 2474 Galliis
271 2413 410 2488 fatigavit.
452 2414 556 2494 Neque
569 2434 618 2478 aut
631 2438 698 2478 tura
711 2417 804 2490 ducis,
818 2434 868 2478 aut
886 2438 948 2493 ope·

113 2513 143 2551 ta
163 2488 354 2551 ministrorum
372 2488 434 2573 fieri
448 2496 550 2569 potuit,
578 2495 650 2572 quin
669 2494 855 2573 quadraginta
868 2514 949 2554 naves

113 2568 325 2643 irreparabiliter
350 2563 362 2597 ⁶
387 2565 534 2641 petiissent.
583 2572 629 2633 Sic
649 2570 951 2649 vitioremJgominunJr

113 2664 212 2705 natura
238 2644 379 2719 vincebat.
401 2641 505 2717 scriplit
521 2663 650 2722 praeterea
666 2640 794 2709 Labieno
811 2663 898 2721 quem
912 2648 952 2707 cis

114 2720 190 2781 mare
210 2710 374 2791 dimiserat,
406 2735 438 2783 ut
460 2721 588 2798 legiones
608 2724 658 2787 sibi
681 2720 837 2787 eornmiffat
856 2738 952 2787 extru-

113 2798 195 2859 endis
213 2794 336 2860 classibus
355 2815 504 2859 exerceret.

856 2955 952 3020 Rebus

150 3088 170 3122 1.
187 3075 255 3133 Lege,
267 3072 388 3138 terrestrem
578 3090 601 3135 4.
617 3080 684 3134 Lege,
698 3078 815 3127 ternaria.

148 3156 171 3188 2·
187 3141 253 3198 Lege,
269 3141 326 3185 anei.
389 3190 392 3195 Ι
578 3153 597 3192 5.
614 3143 679 3196 Lege.
693 3149 783 3200 aalma.
833 3174 850 3187 ,.

148 3218 170 3259 3.
184 3204 252 3260 Lege,
272 3199 351 3262 Cesari-
525 3260 528 3265 Ι
576 3209 599 3250 6.
614 3204 683 3258 Forte,
696 3201 802 3269 perierg'etj
835 3236 843 3253 a
