2018 3622
79 192 82 197 ¹
112 94 115 99 ’
140 128 221 215 130
348 96 502 201 J.cels1
523 88 771 183 elementarii

132 244 315 322 compescuit.
352 244 460 307 Cotum
485 242 563 304 enim
588 241 684 302 virum
705 240 973 320 nobiliffimum&

133 326 221 383 totius
230 325 326 399 gentis
336 319 565 399 potentiffimum,
573 338 640 379 tum
649 336 778 380 creatum
788 340 891 383 contra
903 328 972 401 leges

132 400 218 459 certis
228 398 400 461 testimoniis
410 394 635 474 deprehendillet
651 396 801 457 'crederer
822 398 972 463 Conside-

132 476 250 535 litanem
274 495 343 536 vero
359 480 414 537 rite
437 494 487 550 per
509 472 663 533 sacerdotes
681 493 764 533 more
790 476 886 551 patn'o
899 478 973 539 insti·

132 567 228 611 tuttrm
248 551 355 627 preelle
382 560 393 585 ²
418 548 581 689 magistratu
613 548 773 625 imperavit,
803 554 972 631 obtempera·

134 644 255 704 tumque
278 646 418 705 praecepto
442 649 458 687 e
483 672 492 699 ,
514 626 572 687 stne
591 628 653 687 ullo
670 646 821 689 murmure
839 649 891 691 aut
910 652 970 709 que·

133 707 196 763 rela.
216 704 297 767 horta
355 705 463 767 dehinc
486 704 597 763 AEduos
623 719 656 763 ut
679 704 818 765 civilibus
829 707 970 769 discordiis

82 798 88 827 ·-
132 776 252 843 εὼίὶίιῖοῐ
269 799 311 855 nt,
327 804 390 859 quae
411 780 547 859 pestiferae
559 768 978 856 sempessnffgmruffiussae

65 858 74 877 ⁵
164 878 201 919 ne
226 880 249 919 te
273 868 283 900 ³
309 860 513 949 sunt'jfufqr'r'd
535 859 567 917 in
598 856 715 931 prdi'ens
736 858 971 922 unluffi'a'u'filra

126 934 510 1026 que'·poll'efft”ffi1tterent,
536 932 647 993 devitu
674 932 766 994 Gallia
788 934 877 1013 digna
902 941 919 999 i
943 939 968 998 se

131 1032 243 1087 praernra
269 1014 444 1090 percepturi,
462 1010 605 1087 equitatus
616 1010 651 1069 ab
665 1007 709 1069 his
719 1030 820 1072 ornnes
832 1013 862 1073 δι
871 1014 969 1077 decem

132 1090 210 1153 milia
232 1091 361 1166 pediturn
385 1106 420 1149 ut
444 1088 494 1149 sibi
511 1088 691 1151 mitterentur
709 1087 840 1149 obtinuit.
881 1090 968 1151 Tunc

131 1167 287 1227 exercitum
310 1167 378 1227 duas
401 1164 546 1225 distribuit
563 1165 595 1225 in
615 1179 714 1241 partes.
741 1180 857 1242 quatuor
878 1168 968 1243 legio·

130 1260 181 1301 nes
204 1244 234 1304 δι
253 1261 361 1320 partem
386 1263 448 1305 non
472 1242 605 1317 exiguum
619 1241 758 1318 equitatus
777 1240 830 1301 sub
841 1242 968 1303 Labieno

130 1319 163 1379 in
180 1320 305 1382 Senones
328 1323 444 1399 atque-⁴
461 1317 585 1381 Periseos
608 1317 718 1379 direxit.
759 1315 822 1394 lpse
840 1340 912 1381 cum
925 1320 969 1380 sex

129 1397 291 1473 legionibus
311 1398 468 1476 &reliquo
491 1395 618 1474 equitatu
645 1394 679 1455 in
704 1394 848 1457 Alvernos
877 1398 968 1470 rediit,

132 1477 311 1554 perrexitque
324 1476 510 1553 Gergoniam.

171 1550 390 1628 Vercingetorix
409 1552 535 1611 adventu
545 1544 659 1611 Caesaris
688 1551 885 1626 praecognito,
913 1570 963 1630 qua

129 1627 333 1689 transeundum
349 1628 396 1688 illi
413 1643 532 1687 noverat
552 1644 653 1685 omnes
665 1623 749 1685 fluvii
762 1643 863 1700 pontes
873 1628 968 1703 fregit,

128 1703 177 1761 cui
203 1704 325 1774 'Leben
345 1702 683 1763 alicubiClavernomen
700 1701 825 1761 invenio.
862 1703 966 1779 ltaque

126 1780 294 1853 perveniens
314 1780 349 1840 u.
364 1778 512 1855 preclusos
533 1777 643 1851 aditus,
669 1778 696 1839 dt
717 1776 829 1839 adversa
849 1778 881 1837 in
904 1783 964 1855 ripa

127 1854 360 1917 obambulantem
386 1854 497 1917 hostem
518 1855 630 1931 reperit.
656 1852 710 1915 hoe
739 1854 772 1915 in
805 1853 878 1914 statu
902 1876 967 1931 pre-

126 1933 244 1995 mebant
266 1934 349 1993 variae
368 1932 454 1994 duces
467 1952 549 1993 cura.
588 1931 812 2007 Vercingetorix,
830 1951 966 2011 nequem

127 2010 251 2072 Caesare
280 2011 413 2086 pontibus
436 2009 561 2070 reficeret
586 2010 743 2069 metuebat.
782 2009 873 2069 Caesar
900 2030 966 2070 vero

126 2109 164 2148 ne
182 2088 308 2150 fluminis
324 2092 409 2149 alveo
433 2087 611 2163 prepeditus,
631 2086 712 2163 quod
725 2084 821 2152 vadari
843 2105 909 2148 ante
921 2109 967 2147 au·

54 2188 56 2193 ·
125 2181 261 2225 tumnunr
283 2186 344 2226 non
366 2165 462 2236 soleat,
481 2163 704 2239 otiosamagere
724 2180 878 2239 cogeretur
896 2163 966 2224 aesta·

123 2257 192 2300 tem.
213 2259 407 2301 omnetamen
426 2237 645 2301 incommodum
668 2236 682 2273 ⁶
702 2239 774 2300 vicis
793 2240 876 2300 ducit
886 2242 962 2317 inge·

123 2316 213 2376 nium.
243 2318 378 2392 srquidem
410 2316 548 2394 praemiffis
573 2317 590 2376 ὸ
612 2316 729 2392 regione
756 2318 894 2378 omnibus
914 2322 965 2379 inr-

123 2391 294 2467 pedimentis
318 2394 485 2471 &quatuor
503 2393 672 2472 legionibus,
693 2390 858 2472 additisque
871 2394 966 2455 cobor-

122 2471 199 2529 tibus
215 2470 332 2545 aliquot,
350 2488 385 2530 ut
408 2472 533 2531 constare
553 2490 689 2535 numerus
710 2468 858 2531 videretur
875 2473 966 2532 omni·

122 2567 173 2607 um
194 2548 353 2623 legionum,
374 2548 404 2608 δι
429 2549 552 2622 speciem
573 2550 705 2624 praeberet
729 2550 870 2607 exercitus
895 2550 965 2609 alibi

121 2626 230 2684 aditum
251 2627 420 2702 querentis3
450 2626 508 2703 ipse
533 2628 604 2687 locis
626 2625 728 2685 abditis
753 2644 819 2685 cum
852 2624 965 2685 duabus

120 2716 234 2760 tantum
260 2722 322 2777 quae
348 2703 509 2779 supererant
532 2704 695 2779 legionibus
714 2699 743 2760 se
752 2700 872 2760 tenuit:
893 2700 966 2760 suis-

120 2794 176 2851 que
196 2794 326 2854 utquam
339 2780 499 2856 longiffime
516 2781 712 2855 procederent,
734 2776 864 2854 atqueita
890 2779 908 2838 b
935 2780 977 2840 se:

119 2852 230 2914 hostem
253 2854 437 2919 distraherent
459 2859 618 2934 imperavit.

869 2929 966 2994 Tunc

534 3054 541 3148 Ι
583 3071 605 3115 4.
623 3059 692 3135 begs,
712 3056 802 3129 Pnrr'fr'on
827 3116 852 3128 ..

426 3133 450 3167 rr.
584 3134 605 3173 ς.
622 3122 706 3180 Elaver,
721 3121 800 3166 Celata
809 3116 896 3166 drettut.

535 3152 559 3244 l,
583 3188 604 3231 6.
619 3186 690 3241 Lege,
706 3181 835 3233 mordacis.
