2018 3622
132 153 207 209 100
343 122 375 216 J.
392 115 492 200 Celsi
512 122 764 199 Cemaeratarii

126 261 306 320 centuriones
330 256 545 317 nominatim&
563 255 693 315 tribunos
714 255 854 332 militum,
874 278 911 324 ut
925 283 968 326 cu·

127 339 228 415 jusque
243 338 331 395 virtus
345 351 428 410 atque
439 334 563 406 operatio
575 335 761 392 merebantur.
808 336 969 402 'Postremo

127 416 174 473 die
188 415 328 474 concione
349 414 492 481 advocata,
511 409 690 470 confirmavit
713 409 834 473 luorum
852 418 969 493 animos,

126 493 288 569 solaturque
300 489 500 566 superdarnno‚
520 487 618 546 fraude
630 485 727 574 bostis,
746 489 968 566 &legatiteme-

125 569 208 628 ritate
223 568 368 641 suscepta,
387 564 535 623 ostendens
548 566 677 623 coelitum
688 570 790 625 tarore
817 571 847 627 δι
863 573 966 633 virtute

126 647 262 717 rnilitum,
281 645 355 704 illius
374 642 454 700 malis
474 641 579 700 artibus
598 641 717 713 quaelitae
739 642 870 707 villoriae
894 648 966 709 baud

111 792 114 797 .
126 723 285 799 longaevam
296 718 376 780 firille
386 718 509 778 laetitiam
522 741 529 774 ι
552 716 727 792 consequens
739 718 807 794 effe,
819 741 853 783 ut
866 745 921 786 rrec
931 728 966 787 eis

126 801 289 859 rbuturnior
301 798 382 856 dolor
394 796 434 853 lit.

165 879 259 949 llujus
269 875 343 933 sama
357 871 478 932 villoriae
491 869 525 929 arl
544 870 702 930 Labienum
717 888 798 932 tanta
818 877 963 941 velocitate

126 958 228 1027 perlata
241 952 291 1020 est,
312 951 389 1027 quod
401 969 467 1008 curn
479 947 545 1007 bora
559 947 616 1005 diei
629 967 705 1006 nona
719 968 881 1026 pugnatum
890 956 962 1031 effer,

123 1049 188 1087 ante
202 1031 325 1089 mediam
339 1028 450 1087 nollem
464 1025 569 1084 Rherni
581 1023 616 1083 ad
630 1024 787 1087 castrorum
799 1046 889 1104 portas
898 1051 960 1109 quae

123 1106 266 1180 sexaginta
278 1104 402 1180 palluunr
423 1105 539 1162 milibus
560 1102 682 1170 aberant,
702 1103 851 1175 jubilantes
864 1107 956 1170 viciare

124 1182 258 1242 Cael‘arem
283 1182 457 1241 nuntiarent.
497 1181 562 1253 Qua
584 1198 613 1238 re
632 1180 716 1238 latius
728 1184 852 1258 vulgata,
869 1183 957 1245 Indu·

123 1261 275 1328 ciontarns,
294 1261 390 1318 onrnia
403 1265 411 1287 ³
425 1255 508 1317 castra
520 1256 637 1315 Labieni
648 1257 677 1315 in
688 1258 844 1321 crastinum
854 1259 955 1322 adoriri

123 1339 296 1414 propositum
310 1355 376 1405 etat,
395 1354 463 1395 cum
476 1335 607 1392 omnibus
617 1333 673 1393 suis
686 1336 774 1396 noctu
788 1338 869 1410 abiit,
888 1338 956 1398 Tre·

123 1417 268 1493 virimque
280 1415 400 1490 repetiit.
417 1410 505 1470 Casar
516 1411 546 1469 in
559 1409 674 1470 hiberna
688 1412 833 1486 concellit,
846 1417 956 1479 nullum

123 1494 155 1552 in
164 1493 332 1553 eisotiosum
344 1492 420 1550 diem
429 1508 523 1563 agens,
536 1488 606 1563 quin
617 1488 747 1564 quotidie
756 1490 903 1567 legatos&
914 1513 959 1554 ex·

122 1572 275 1642 ploratores
288 1569 415 1645 undique
428 1565 588 1637 destinaret,
600 1585 647 1639 per
654 1584 729 1701 {uos
740 1565 845 1627 statum
853 1589 887 1631 ac
896 1590 958 1645 pto·

142 1645 244 1704 ofituur
257 1646 405 1705 ciritamrn
419 1641 556 1701 nosceret:
571 1642 643 1702 tanti
696 1659 755 1703 tam
767 1644 957 1709 crebtlmoms

120 1665 277 1780 galliarum
289 1722 420 1779 omniurn
444 1717 617 1790 ferebantur,
649 1717 856 1781 &clandestina
878 1719 953 1796 saepe

119 1797 250 1865 concilia,
281 1796 309 1853 δι
322 1796 456 1854 noliurnr
469 1793 554 1853 etiam
573 1795 606 1854 in
626 1790 702 1857 lilvis
725 1794 952 1858 ’babetecollo-

120 1873 210 1953 quia,
240 1872 316 1935 &ad
330 1870 475 1933 'summam
488 1868 840 1945 pecatinihllaudiebatut.
870 1872 953 1939 Iertes

120 1973 215 2013 cetera
222 1954 326 2013 Lucius
336 1951 454 2010 Roscius
464 1949 515 2028 qui
527 1947 855 2087 tertiaedecimaeXraeetat
865 1951 956 2029 legio·

120 2032 150 2092 ni
163 2028 304 2092 nuntiavit
316 2029 407 2106 copias
419 2027 548 2102 ingentes
558 2025 706 2087 Gallorum
719 2049 734 2087 a
765 2031 956 2106 oppugnanda

119 2112 181 2183 ejus
194 2111 276 2170 castra
289 2110 433 2168 venientes
446 2120 556 2177 accepta
569 2103 693 2163 villoriae
704 2103 764 2164 suae
776 2106 853 2166 fama
863 2106 955 2168 subito

117 2189 295 2261 fugientibus
316 2188 418 2244 linriles
441 2179 541 2240 abiille.
580 2179 695 2256 Quibus
721 2181 838 2243 indiciis
861 2203 952 2245 unum

117 2281 216 2321 contra
233 2262 261 2320 se
274 2263 402 2320 animum
414 2259 568 2320 Galliarum
581 2261 644 2317 luce
665 2258 768 2319 clarius
778 2259 953 2339 intelligens,

116 2357 176 2396 non
199 2353 292 2394 tamen
314 2336 427 2399 destitit.
467 2332 594 2394 Evocatis
606 2333 641 2393 ad
654 2334 682 2392 se
696 2334 952 2411 principibus,.lros

115 2413 269 2485 blanditiis,
288 2412 316 2471 δι
335 2411 386 2470 bos
407 2412 493 2471 minis
514 2426 619 2488 quanta
637 2410 733 2488 quivit
744 2411 897 2490 diligentia
920 2414 953 2477 in

44 2551 47 2557 ,
115 2490 251 2566 obsequio
270 2487 377 2550 studuit
397 2489 528 2548 retinere.
568 2486 692 2562 *quue
715 2488 753 2547 ad
779 2491 953 2552 continuum

114 2565 161 2625 hic
176 2568 248 2626 nrale
261 2567 385 2628 studium
399 2566 456 2625 fuit
469 2565 604 2636 Senones,
643 2583 748 2625 uorum
760 2567 836 2626 inter
851 2586 955 2629 omnes

113 2643 142 2701 ἃ
151 2644 261 2705 fama&
274 2646 417 2705 aulloritas
431 2661 533 2718 magna
544 2658 610 2713 erat,
623 2583 782 2703 qcavarium
795 2642 952 2718 quendam,

112 2721 180 2779 alibi
194 2719 365 2782 Cavarinum
388 2722 516 2790 invenio,
534 2717 625 2795 stirpis
648 2721 744 2796 tegiae,
761 2738 847 2797 quem
860 2717 952 2783 Caesar

112 2797 170 2854 illis
181 2817 276 2872 regern
288 2797 410 2871 dederat,
431 2797 546 2874 publico
558 2794 593 2854 de
606 2796 745 2857 consensu
757 2796 886 2858 occidere
897 2818 951 2860 vo·

112 2875 234 2932 bierunt.
274 2873 405 2951 Cumque
412 2875 523 2952 issugae
539 2872 664 2948 praesidio
674 2875 776 2936 mortis
789 2875 949 2951 periculum

111 2949 243 3024 evalillet,
270 2950 421 3027 persecutis
437 2950 493 3013 suis
517 2955 621 3011 *cum
640 2948 748 3012 fraribus
771 2954 951 3091 expulercunt.

900 3049 947 3091 um

144 3166 165 3199 r·
185 3147 345 3214 [egelestae.
568 3160 587 3200 3·
605 3147 673 3204 Lege,
684 3144 763 3195 um.

146 3230 166 3263 a.
184 3219 254 3277 bont,
269 3217 310 3262 cui.
566 3226 586 3268 4·
603 3212 670 3271 ΒΨ,
683 3225 741 3258 eun·
