2018 3622
167 153 485 263 deruiJ‘irir
514 156 782 252 cicilie.
837 177 917 274 167

79 326 136 368 nes
148 326 235 368 novas
247 305 412 378 anllorinte
422 301 470 364 sua
478 301 622 379 scriberet,
641 301 753 366 &nihil
764 304 838 382 quod
850 308 876 368 ei
887 307 920 369 in

80 386 212 446 animum
223 382 352 456 vcniffet,
377 379 493 458 aggredi
504 398 659 444 vereretur.

122 461 238 538 Quibus
250 461 334 530 rebus
349 477 406 550 ego
416 458 497 535 culpa
507 456 645 521 Caesetem
659 480 721 521 non
733 455 858 532 absolvo,
881 458 925 518 fe-

81 540 124 599 cit
136 539 266 615 quidem,
284 557 346 598 non
364 534 486 609 rnficiot,
507 538 609 615 quibus
620 536 740 598 liberam
762 536 855 597 immo
874 533 926 594 do·

79 616 195 676 minam
206 613 338 692 gentium
351 613 493 675 civitatem
505 615 538 677 in
551 610 693 692 stuporem
704 615 810 691 primo,
821 611 883 689 post
894 613 930 673 in

82 693 162 752 irarn
170 709 301 753 verteret.
314 691 410 751 forum
424 697 432 721 ¹
443 711 491 768 per
502 693 625 756 maxime
637 690 768 770 impense
780 691 870 766 coepit
878 709 929 749 ex·

82 785 180 828 cruere
191 770 208 829 ὲ
220 768 369 842 manubiis,
380 786 442 846 quae
450 775 531 831 non²
545 768 678 831 suierant
691 768 739 831 sed
752 769 855 848 populi
866 767 927 827 Ro·

82 847 173 907 muni.
193 844 369 922 disciplinam
382 845 540 920 militarem,
562 848 678 924 publice
687 846 801 909 solitam
815 842 924 917 doceri,

81 924 169 984 adse
191 923 315 994 reduxit,
342 941 374 984 ut
388 923 522 999 privatim
546 922 597 986 suo
621 924 770 986 doceretur
788 922 928 984 arbitrio:

81 1001 163 1077 quod
177 1001 205 1062 δι
221 998 337 1062 fomsfis
352 999 403 1061 libi
414 999 465 1062 fuo
484 1002 549 1077 iure
558 1002 679 1077 licuerit,
698 1019 732 1064 ut
754 1001 804 1081 qui
828 1019 924 1077 parem

77 1079 113 1138 in
133 1080 194 1154 eius
207 1079 248 1138 rei
269 1079 369 1156 petitia
387 1099 450 1140 non
473 1077 599 1153 habetet,
617 1080 676 1142 firit
699 1097 798 1141 tamen
824 1094 923 1139 cutura

78 1154 924 1309 lllllllutlbllttlmllllllllllttllt

79 1331 135 1386 pus
147 1309 320 1384 stipendium
333 1307 501 1382 duplicavit.
518 1308 598 1385 quod
611 1308 729 1385 quidem
753 1309 804 1368 etlr
821 1308 927 1367 exerci-

81 1387 130 1447 tui
144 1383 328 1461 gratiffirnum
342 1383 442 1454 fuerit,
455 1403 577 1460 eumque
589 1384 729 1460 militibus
739 1381 930 1445 cheriffimum

82 1463 196 1531 fecerit,
221 1460 258 1520 src
283 1475 317 1519 ut
334 1457 444 1519 charior
467 1479 554 1519 nemo
567 1479 694 1538 unquam
716 1461 809 1532 alius;
835 1458 930 1536 sump-

84 1537 274 1600 tuosrllinrum
289 1553 386 1596 tamen
406 1535 447 1595 rei
487 1530 568 1599 blicae
590 1534 672 1599 fuille
694 1557 754 1600 non
769 1535 927 1614 ambigitur.

84 1618 115 1677 ἃ
136 1615 197 1677 haec
214 1613 332 1692 quidem
346 1614 422 1674 inter
432 1555 506 1674 ipio
546 1613 636 1692 Apud
647 1631 757 1691 exteros
771 1632 927 1691 veroreget

82 1693 240 1772 gentesque
254 1708 354 1768 ρωποι
372 1692 519 1752 licentiam
541 1692 660 1755 Senatus
676 1713 710 1754 ac
728 1692 826 1771 populi
843 1695 927 1753 nrirae

84 1771 211 1835 exercuit
223 1771 375 1842 libertates,
400 1789 462 1830 non
483 1785 517 1831 ut
528 1768 588 1832 dux
607 1771 707 1847 popuii
722 1771 857 1842 Romani,
875 1771 926 1831 leel

84 1866 119 1910 ut
130 1849 264 1909 dominus
279 1864 329 1908 aut
341 1864 398 1907 rex.
418 1866 513 1925 neque
523 1844 618 1908 solum
627 1846 760 1922 initalia,
770 1845 924 1925 Galliilirue

83 1927 114 1987 δι
126 1925 270 2000 Hispanis,
279 1923 365 1984 sedin
380 1924 446 1984 Asra
458 1924 544 1984 etiam
559 1922 588 1984 δι
598 1924 715 2000 Graecia,
728 1926 841 1988 &dona
857 1931 866 1966 ³
879 1929 926 1987 in·

83 2002 251 2080 digentia&
264 2001 368 2060 auxilia
380 2001 420 2060 eis
432 1999 516 2076 mint,
534 2001 563 2062 δι
576 2021 675 2065 eorum
686 2005 771 2065 urbes
786 2002 925 2079 preclaris

82 2079 220 2218 nnn
231 2077 427 2215 turult
435 2078 925 2234 tumultuent

84 2234 308 2310 triusexigebat,
327 2230 469 2293 fattanon
480 2200 653 2310 negaberim,
674 2234 761 2311 pollet
769 2255 864 2299 tamen
877 2259 926 2297 ex-

83 2312 195 2374 cusator
207 2309 343 2385 inveniti,
361 2308 455 2371 solent
465 2311 542 2371 enim
555 2313 606 2388 qui
617 2316 725 2389 majora
744 2315 805 2375 aliie
825 2331 925 2394 agunt.

85 2390 114 2449 δι
133 2391 238 2461 majora
252 2387 429 2463 praesumere,
448 2384 487 2461 &‚
505 2408 564 2466 quo
576 2392 679 2453 melius
695 2391 746 2453 srbi
764 2391 830 2452 sunt
856 2412 926 2452 con-

84 2464 145 2541 scii,
158 2467 220 2543 plus
230 2464 347 2525 audere·
378 2464 437 2526 Erit
449 2463 559 2527 fornffe
569 2469 621 2546 qui
629 2469 714 2540 dicat,
733 2468 879 2529 tolerabile
894 2469 925 2529 in

87 2542 197 2616 Colice,
220 2541 297 2621 quod
311 2542 342 2602 in
358 2542 555 2619 alioquolibet
567 2567 630 2607 non
640 2543 745 2607 future.
765 2546 818 2604 erit
836 2563 871 2602 ex
883 2546 927 2604 di·

87 2622 168 2681 uerso
179 2621 229 2698 qui
242 2618 298 2681 boc
310 2618 500 2681 favorabiliter
513 2625 619 2698 potius,
639 2643 724 2701 quum
748 2623 872 2681 civiliter
882 2621 927 2681 di·

87 2698 165 2759 lium
176 2699 260 2759 dicat.
279 2697 444 2758 excellentia
457 2701 535 2760 enim
549 2706 557 2739 ⁵
573 2703 656 2774 cuius
671 2701 699 2760 δι
714 2699 771 2758 viri
783 2699 852 2759 boni
866 2719 926 2761 non

88 2776 233 2837 licentiam
246 2772 330 2835 debet
340 2793 452 2850 augere,
478 2777 527 2836 sed
541 2775 716 2837 modestiam.

128 2848 183 2927 Hit
194 2852 307 2915 neuen
321 2850 482 2929 horumque
496 2853 632 2916 limilibru
642 2874 678 2915 ex
691 2853 779 2918 unsre
789 2853 801 2887 ⁶
809 2857 926 2922 tandem

560 2931 582 2991 Ρ
604 2949 621 3004 3
837 2938 927 3000 latens

121 3065 142 3099 ι.
158 3052 226 3115 lnge,
237 3055 361 3116 permaxima
376 3051 471 3118 impensa.
546 3068 570 3111 4.
586 3055 655 3111 Lege,
671 3063 723 3114 que.

117 3131 139 3161 2·
160 3117 226 3174 Lege,
238 3117 284 3177 sao
568 3117 662 3166 doner
680 3116 739 3162 cirea.

118 3193 136 3233 ³-
157 3179 227 3244 Lege,
248 3181 347 3245 ingentia.
469 3210 475 3222 ,
551 3185 574 3228 6.
589 3172 719 3234 velentium,
732 3174 824 3226 tandem.
